[
    {
        "T": 1609459200001,
        "a": 225902528,
        "f": 352562763,
        "l": 352562763,
        "m": false,
        "p": "28948.19",
        "q": "0.052"
    },
    {
        "T": 1609459200010,
        "a": 225902529,
        "f": 352562764,
        "l": 352562767,
        "m": true,
        "p": "28948.18",
        "q": "0.070"
    },
    {
        "T": 1609459200010,
        "a": 225902530,
        "f": 352562768,
        "l": 352562772,
        "m": true,
        "p": "28948.17",
        "q": "0.080"
    },
    {
        "T": 1609459200028,
        "a": 225902531,
        "f": 352562773,
        "l": 352562773,
        "m": false,
        "p": "28946.70",
        "q": "0.017"
    },
    {
        "T": 1609459200572,
        "a": 225902532,
        "f": 352562774,
        "l": 352562774,
        "m": true,
        "p": "28946.69",
        "q": "0.010"
    },
    {
        "T": 1609459200572,
        "a": 225902533,
        "f": 352562775,
        "l": 352562775,
        "m": true,
        "p": "28946.40",
        "q": "0.003"
    },
    {
        "T": 1609459200577,
        "a": 225902534,
        "f": 352562776,
        "l": 352562777,
        "m": false,
        "p": "28946.70",
        "q": "0.017"
    },
    {
        "T": 1609459200588,
        "a": 225902535,
        "f": 352562778,
        "l": 352562781,
        "m": true,
        "p": "28946.40",
        "q": "0.025"
    },
    {
        "T": 1609459200590,
        "a": 225902536,
        "f": 352562782,
        "l": 352562788,
        "m": false,
        "p": "28946.70",
        "q": "0.548"
    },
    {
        "T": 1609459200594,
        "a": 225902537,
        "f": 352562789,
        "l": 352562791,
        "m": true,
        "p": "28946.40",
        "q": "0.050"
    },
    {
        "T": 1609459200595,
        "a": 225902538,
        "f": 352562792,
        "l": 352562794,
        "m": false,
        "p": "28946.70",
        "q": "0.232"
    },
    {
        "T": 1609459200605,
        "a": 225902539,
        "f": 352562795,
        "l": 352562795,
        "m": true,
        "p": "28946.69",
        "q": "0.054"
    },
    {
        "T": 1609459200605,
        "a": 225902540,
        "f": 352562796,
        "l": 352562796,
        "m": true,
        "p": "28946.40",
        "q": "0.015"
    },
    {
        "T": 1609459200605,
        "a": 225902541,
        "f": 352562797,
        "l": 352562797,
        "m": true,
        "p": "28943.52",
        "q": "0.037"
    },
    {
        "T": 1609459200605,
        "a": 225902542,
        "f": 352562798,
        "l": 352562798,
        "m": true,
        "p": "28943.26",
        "q": "0.069"
    },
    {
        "T": 1609459200605,
        "a": 225902543,
        "f": 352562799,
        "l": 352562799,
        "m": true,
        "p": "28943.01",
        "q": "0.048"
    },
    {
        "T": 1609459200735,
        "a": 225902544,
        "f": 352562800,
        "l": 352562800,
        "m": false,
        "p": "28946.36",
        "q": "0.012"
    },
    {
        "T": 1609459200735,
        "a": 225902545,
        "f": 352562801,
        "l": 352562802,
        "m": false,
        "p": "28946.37",
        "q": "0.089"
    },
    {
        "T": 1609459200824,
        "a": 225902546,
        "f": 352562803,
        "l": 352562803,
        "m": false,
        "p": "28946.56",
        "q": "0.012"
    },
    {
        "T": 1609459200824,
        "a": 225902547,
        "f": 352562804,
        "l": 352562804,
        "m": false,
        "p": "28946.63",
        "q": "0.001"
    },
    {
        "T": 1609459200824,
        "a": 225902548,
        "f": 352562805,
        "l": 352562807,
        "m": false,
        "p": "28946.64",
        "q": "0.052"
    },
    {
        "T": 1609459201006,
        "a": 225902549,
        "f": 352562808,
        "l": 352562808,
        "m": true,
        "p": "28946.55",
        "q": "0.002"
    },
    {
        "T": 1609459201006,
        "a": 225902550,
        "f": 352562809,
        "l": 352562810,
        "m": true,
        "p": "28943.02",
        "q": "0.010"
    },
    {
        "T": 1609459201035,
        "a": 225902551,
        "f": 352562811,
        "l": 352562811,
        "m": true,
        "p": "28943.01",
        "q": "0.038"
    },
    {
        "T": 1609459201035,
        "a": 225902552,
        "f": 352562812,
        "l": 352562812,
        "m": true,
        "p": "28941.74",
        "q": "0.039"
    },
    {
        "T": 1609459201035,
        "a": 225902553,
        "f": 352562813,
        "l": 352562813,
        "m": true,
        "p": "28941.50",
        "q": "0.120"
    },
    {
        "T": 1609459201035,
        "a": 225902554,
        "f": 352562814,
        "l": 352562814,
        "m": true,
        "p": "28941.49",
        "q": "0.002"
    },
    {
        "T": 1609459201144,
        "a": 225902555,
        "f": 352562815,
        "l": 352562815,
        "m": false,
        "p": "28946.58",
        "q": "0.040"
    },
    {
        "T": 1609459201265,
        "a": 225902556,
        "f": 352562816,
        "l": 352562816,
        "m": false,
        "p": "28946.58",
        "q": "0.144"
    },
    {
        "T": 1609459201265,
        "a": 225902557,
        "f": 352562817,
        "l": 352562817,
        "m": false,
        "p": "28948.05",
        "q": "0.007"
    },
    {
        "T": 1609459201520,
        "a": 225902558,
        "f": 352562818,
        "l": 352562818,
        "m": true,
        "p": "28948.04",
        "q": "0.007"
    },
    {
        "T": 1609459201650,
        "a": 225902559,
        "f": 352562819,
        "l": 352562819,
        "m": true,
        "p": "28948.04",
        "q": "0.007"
    },
    {
        "T": 1609459201922,
        "a": 225902560,
        "f": 352562820,
        "l": 352562820,
        "m": true,
        "p": "28948.38",
        "q": "0.001"
    },
    {
        "T": 1609459202087,
        "a": 225902561,
        "f": 352562821,
        "l": 352562822,
        "m": false,
        "p": "28948.39",
        "q": "0.249"
    },
    {
        "T": 1609459202340,
        "a": 225902562,
        "f": 352562823,
        "l": 352562823,
        "m": true,
        "p": "28948.38",
        "q": "0.016"
    },
    {
        "T": 1609459202358,
        "a": 225902563,
        "f": 352562824,
        "l": 352562825,
        "m": false,
        "p": "28948.39",
        "q": "0.151"
    },
    {
        "T": 1609459202651,
        "a": 225902564,
        "f": 352562826,
        "l": 352562827,
        "m": false,
        "p": "28948.39",
        "q": "0.165"
    },
    {
        "T": 1609459202774,
        "a": 225902565,
        "f": 352562828,
        "l": 352562828,
        "m": false,
        "p": "28948.39",
        "q": "0.050"
    },
    {
        "T": 1609459202870,
        "a": 225902566,
        "f": 352562829,
        "l": 352562842,
        "m": true,
        "p": "28948.38",
        "q": "0.927"
    },
    {
        "T": 1609459202870,
        "a": 225902567,
        "f": 352562843,
        "l": 352562845,
        "m": true,
        "p": "28948.04",
        "q": "0.229"
    },
    {
        "T": 1609459202870,
        "a": 225902568,
        "f": 352562846,
        "l": 352562847,
        "m": true,
        "p": "28946.70",
        "q": "0.003"
    },
    {
        "T": 1609459202870,
        "a": 225902569,
        "f": 352562848,
        "l": 352562848,
        "m": true,
        "p": "28946.58",
        "q": "0.002"
    },
    {
        "T": 1609459202870,
        "a": 225902570,
        "f": 352562849,
        "l": 352562855,
        "m": true,
        "p": "28946.57",
        "q": "0.954"
    },
    {
        "T": 1609459202870,
        "a": 225902571,
        "f": 352562856,
        "l": 352562856,
        "m": true,
        "p": "28946.55",
        "q": "0.077"
    },
    {
        "T": 1609459202870,
        "a": 225902572,
        "f": 352562857,
        "l": 352562857,
        "m": true,
        "p": "28945.29",
        "q": "0.026"
    },
    {
        "T": 1609459202914,
        "a": 225902573,
        "f": 352562858,
        "l": 352562859,
        "m": false,
        "p": "28946.72",
        "q": "0.018"
    },
    {
        "T": 1609459202969,
        "a": 225902574,
        "f": 352562860,
        "l": 352562860,
        "m": true,
        "p": "28946.71",
        "q": "0.007"
    },
    {
        "T": 1609459203057,
        "a": 225902575,
        "f": 352562861,
        "l": 352562861,
        "m": false,
        "p": "28946.66",
        "q": "0.001"
    },
    {
        "T": 1609459203085,
        "a": 225902576,
        "f": 352562862,
        "l": 352562862,
        "m": false,
        "p": "28946.65",
        "q": "0.063"
    },
    {
        "T": 1609459203114,
        "a": 225902577,
        "f": 352562863,
        "l": 352562863,
        "m": false,
        "p": "28946.62",
        "q": "0.180"
    },
    {
        "T": 1609459203288,
        "a": 225902578,
        "f": 352562864,
        "l": 352562864,
        "m": true,
        "p": "28943.51",
        "q": "0.026"
    },
    {
        "T": 1609459204167,
        "a": 225902579,
        "f": 352562865,
        "l": 352562869,
        "m": false,
        "p": "28943.40",
        "q": "0.586"
    },
    {
        "T": 1609459204585,
        "a": 225902580,
        "f": 352562870,
        "l": 352562873,
        "m": true,
        "p": "28943.39",
        "q": "0.097"
    },
    {
        "T": 1609459204585,
        "a": 225902581,
        "f": 352562874,
        "l": 352562875,
        "m": true,
        "p": "28941.92",
        "q": "0.781"
    },
    {
        "T": 1609459204588,
        "a": 225902582,
        "f": 352562876,
        "l": 352562876,
        "m": true,
        "p": "28941.31",
        "q": "0.120"
    },
    {
        "T": 1609459204588,
        "a": 225902583,
        "f": 352562877,
        "l": 352562877,
        "m": true,
        "p": "28941.30",
        "q": "0.100"
    },
    {
        "T": 1609459204588,
        "a": 225902584,
        "f": 352562878,
        "l": 352562878,
        "m": true,
        "p": "28941.07",
        "q": "0.140"
    },
    {
        "T": 1609459204588,
        "a": 225902585,
        "f": 352562879,
        "l": 352562879,
        "m": true,
        "p": "28940.42",
        "q": "0.069"
    },
    {
        "T": 1609459204588,
        "a": 225902586,
        "f": 352562880,
        "l": 352562880,
        "m": true,
        "p": "28940.30",
        "q": "0.233"
    },
    {
        "T": 1609459204588,
        "a": 225902587,
        "f": 352562881,
        "l": 352562881,
        "m": true,
        "p": "28940.21",
        "q": "0.379"
    },
    {
        "T": 1609459204588,
        "a": 225902588,
        "f": 352562882,
        "l": 352562882,
        "m": true,
        "p": "28939.70",
        "q": "0.010"
    },
    {
        "T": 1609459204588,
        "a": 225902589,
        "f": 352562883,
        "l": 352562883,
        "m": true,
        "p": "28938.95",
        "q": "0.014"
    },
    {
        "T": 1609459204588,
        "a": 225902590,
        "f": 352562884,
        "l": 352562884,
        "m": true,
        "p": "28938.51",
        "q": "0.145"
    },
    {
        "T": 1609459204598,
        "a": 225902591,
        "f": 352562885,
        "l": 352562885,
        "m": false,
        "p": "28943.40",
        "q": "0.016"
    },
    {
        "T": 1609459204631,
        "a": 225902592,
        "f": 352562886,
        "l": 352562886,
        "m": false,
        "p": "28943.37",
        "q": "0.007"
    },
    {
        "T": 1609459204644,
        "a": 225902593,
        "f": 352562887,
        "l": 352562887,
        "m": true,
        "p": "28938.52",
        "q": "0.040"
    },
    {
        "T": 1609459204644,
        "a": 225902594,
        "f": 352562888,
        "l": 352562888,
        "m": true,
        "p": "28937.07",
        "q": "0.042"
    },
    {
        "T": 1609459204644,
        "a": 225902595,
        "f": 352562889,
        "l": 352562889,
        "m": true,
        "p": "28935.30",
        "q": "0.017"
    },
    {
        "T": 1609459204714,
        "a": 225902596,
        "f": 352562890,
        "l": 352562890,
        "m": false,
        "p": "28943.15",
        "q": "0.010"
    },
    {
        "T": 1609459204723,
        "a": 225902597,
        "f": 352562891,
        "l": 352562891,
        "m": true,
        "p": "28935.32",
        "q": "0.007"
    },
    {
        "T": 1609459204723,
        "a": 225902598,
        "f": 352562892,
        "l": 352562892,
        "m": true,
        "p": "28935.30",
        "q": "0.003"
    },
    {
        "T": 1609459204755,
        "a": 225902599,
        "f": 352562893,
        "l": 352562893,
        "m": false,
        "p": "28942.98",
        "q": "0.002"
    },
    {
        "T": 1609459204819,
        "a": 225902600,
        "f": 352562894,
        "l": 352562894,
        "m": false,
        "p": "28942.81",
        "q": "0.007"
    },
    {
        "T": 1609459204829,
        "a": 225902601,
        "f": 352562895,
        "l": 352562895,
        "m": true,
        "p": "28935.30",
        "q": "0.008"
    },
    {
        "T": 1609459204838,
        "a": 225902602,
        "f": 352562896,
        "l": 352562896,
        "m": false,
        "p": "28942.74",
        "q": "0.038"
    },
    {
        "T": 1609459204838,
        "a": 225902603,
        "f": 352562897,
        "l": 352562898,
        "m": false,
        "p": "28942.80",
        "q": "0.119"
    },
    {
        "T": 1609459205113,
        "a": 225902604,
        "f": 352562899,
        "l": 352562899,
        "m": false,
        "p": "28942.43",
        "q": "0.009"
    },
    {
        "T": 1609459205183,
        "a": 225902605,
        "f": 352562900,
        "l": 352562900,
        "m": true,
        "p": "28937.70",
        "q": "0.007"
    },
    {
        "T": 1609459205183,
        "a": 225902606,
        "f": 352562901,
        "l": 352562901,
        "m": true,
        "p": "28937.69",
        "q": "0.009"
    },
    {
        "T": 1609459205183,
        "a": 225902607,
        "f": 352562902,
        "l": 352562902,
        "m": true,
        "p": "28937.68",
        "q": "0.001"
    },
    {
        "T": 1609459205183,
        "a": 225902608,
        "f": 352562903,
        "l": 352562903,
        "m": true,
        "p": "28937.67",
        "q": "0.008"
    },
    {
        "T": 1609459205323,
        "a": 225902609,
        "f": 352562904,
        "l": 352562904,
        "m": true,
        "p": "28937.67",
        "q": "0.232"
    },
    {
        "T": 1609459205461,
        "a": 225902610,
        "f": 352562905,
        "l": 352562905,
        "m": true,
        "p": "28937.67",
        "q": "0.003"
    },
    {
        "T": 1609459205497,
        "a": 225902611,
        "f": 352562906,
        "l": 352562907,
        "m": false,
        "p": "28941.99",
        "q": "0.026"
    },
    {
        "T": 1609459205573,
        "a": 225902612,
        "f": 352562908,
        "l": 352562908,
        "m": true,
        "p": "28937.67",
        "q": "0.290"
    },
    {
        "T": 1609459205706,
        "a": 225902613,
        "f": 352562909,
        "l": 352562909,
        "m": true,
        "p": "28939.80",
        "q": "0.002"
    },
    {
        "T": 1609459205852,
        "a": 225902614,
        "f": 352562910,
        "l": 352562910,
        "m": false,
        "p": "28939.81",
        "q": "0.100"
    },
    {
        "T": 1609459205893,
        "a": 225902615,
        "f": 352562911,
        "l": 352562913,
        "m": true,
        "p": "28939.80",
        "q": "0.226"
    },
    {
        "T": 1609459205936,
        "a": 225902616,
        "f": 352562914,
        "l": 352562915,
        "m": false,
        "p": "28939.81",
        "q": "0.166"
    },
    {
        "T": 1609459206045,
        "a": 225902617,
        "f": 352562916,
        "l": 352562919,
        "m": false,
        "p": "28939.81",
        "q": "0.875"
    },
    {
        "T": 1609459206045,
        "a": 225902618,
        "f": 352562920,
        "l": 352562920,
        "m": false,
        "p": "28941.79",
        "q": "0.062"
    },
    {
        "T": 1609459206046,
        "a": 225902619,
        "f": 352562921,
        "l": 352562922,
        "m": false,
        "p": "28941.83",
        "q": "0.122"
    },
    {
        "T": 1609459206046,
        "a": 225902620,
        "f": 352562923,
        "l": 352562923,
        "m": false,
        "p": "28941.84",
        "q": "0.071"
    },
    {
        "T": 1609459206046,
        "a": 225902621,
        "f": 352562924,
        "l": 352562924,
        "m": false,
        "p": "28942.02",
        "q": "0.002"
    },
    {
        "T": 1609459206116,
        "a": 225902622,
        "f": 352562925,
        "l": 352562925,
        "m": true,
        "p": "28942.24",
        "q": "0.153"
    },
    {
        "T": 1609459206169,
        "a": 225902623,
        "f": 352562926,
        "l": 352562927,
        "m": true,
        "p": "28941.85",
        "q": "0.015"
    },
    {
        "T": 1609459206263,
        "a": 225902624,
        "f": 352562928,
        "l": 352562928,
        "m": false,
        "p": "28941.86",
        "q": "0.001"
    },
    {
        "T": 1609459206320,
        "a": 225902625,
        "f": 352562929,
        "l": 352562929,
        "m": true,
        "p": "28941.85",
        "q": "0.010"
    },
    {
        "T": 1609459206348,
        "a": 225902626,
        "f": 352562930,
        "l": 352562933,
        "m": false,
        "p": "28941.86",
        "q": "1.168"
    },
    {
        "T": 1609459206348,
        "a": 225902627,
        "f": 352562934,
        "l": 352562934,
        "m": false,
        "p": "28942.25",
        "q": "0.146"
    },
    {
        "T": 1609459206348,
        "a": 225902628,
        "f": 352562935,
        "l": 352562935,
        "m": false,
        "p": "28943.24",
        "q": "0.145"
    },
    {
        "T": 1609459206348,
        "a": 225902629,
        "f": 352562936,
        "l": 352562936,
        "m": false,
        "p": "28943.81",
        "q": "0.140"
    },
    {
        "T": 1609459206348,
        "a": 225902630,
        "f": 352562937,
        "l": 352562937,
        "m": false,
        "p": "28944.04",
        "q": "0.100"
    },
    {
        "T": 1609459206348,
        "a": 225902631,
        "f": 352562938,
        "l": 352562938,
        "m": false,
        "p": "28944.18",
        "q": "0.082"
    },
    {
        "T": 1609459206348,
        "a": 225902632,
        "f": 352562939,
        "l": 352562939,
        "m": false,
        "p": "28944.26",
        "q": "0.014"
    },
    {
        "T": 1609459206348,
        "a": 225902633,
        "f": 352562940,
        "l": 352562940,
        "m": false,
        "p": "28944.53",
        "q": "0.259"
    },
    {
        "T": 1609459206348,
        "a": 225902634,
        "f": 352562941,
        "l": 352562941,
        "m": false,
        "p": "28944.86",
        "q": "0.039"
    },
    {
        "T": 1609459206348,
        "a": 225902635,
        "f": 352562942,
        "l": 352562942,
        "m": false,
        "p": "28945.49",
        "q": "0.120"
    },
    {
        "T": 1609459206348,
        "a": 225902636,
        "f": 352562943,
        "l": 352562943,
        "m": false,
        "p": "28945.50",
        "q": "0.038"
    },
    {
        "T": 1609459206348,
        "a": 225902637,
        "f": 352562944,
        "l": 352562945,
        "m": false,
        "p": "28946.72",
        "q": "0.250"
    },
    {
        "T": 1609459206348,
        "a": 225902638,
        "f": 352562946,
        "l": 352562946,
        "m": false,
        "p": "28947.07",
        "q": "0.300"
    },
    {
        "T": 1609459206348,
        "a": 225902639,
        "f": 352562947,
        "l": 352562947,
        "m": false,
        "p": "28948.03",
        "q": "0.144"
    },
    {
        "T": 1609459206348,
        "a": 225902640,
        "f": 352562948,
        "l": 352562948,
        "m": false,
        "p": "28948.39",
        "q": "0.013"
    },
    {
        "T": 1609459206348,
        "a": 225902641,
        "f": 352562949,
        "l": 352562949,
        "m": false,
        "p": "28948.53",
        "q": "0.065"
    },
    {
        "T": 1609459206348,
        "a": 225902642,
        "f": 352562950,
        "l": 352562950,
        "m": false,
        "p": "28949.13",
        "q": "0.358"
    },
    {
        "T": 1609459206348,
        "a": 225902643,
        "f": 352562951,
        "l": 352562951,
        "m": false,
        "p": "28949.59",
        "q": "0.212"
    },
    {
        "T": 1609459206348,
        "a": 225902644,
        "f": 352562952,
        "l": 352562952,
        "m": false,
        "p": "28949.60",
        "q": "0.019"
    },
    {
        "T": 1609459206348,
        "a": 225902645,
        "f": 352562953,
        "l": 352562953,
        "m": false,
        "p": "28949.70",
        "q": "0.010"
    },
    {
        "T": 1609459206363,
        "a": 225902646,
        "f": 352562954,
        "l": 352562954,
        "m": true,
        "p": "28950.00",
        "q": "0.378"
    },
    {
        "T": 1609459206374,
        "a": 225902647,
        "f": 352562955,
        "l": 352562955,
        "m": false,
        "p": "28946.52",
        "q": "0.259"
    },
    {
        "T": 1609459206380,
        "a": 225902648,
        "f": 352562956,
        "l": 352562956,
        "m": false,
        "p": "28946.51",
        "q": "0.024"
    },
    {
        "T": 1609459206380,
        "a": 225902649,
        "f": 352562957,
        "l": 352562957,
        "m": false,
        "p": "28946.52",
        "q": "0.077"
    },
    {
        "T": 1609459206632,
        "a": 225902650,
        "f": 352562958,
        "l": 352562958,
        "m": false,
        "p": "28946.51",
        "q": "0.001"
    },
    {
        "T": 1609459206632,
        "a": 225902651,
        "f": 352562959,
        "l": 352562959,
        "m": false,
        "p": "28949.18",
        "q": "0.027"
    },
    {
        "T": 1609459206670,
        "a": 225902652,
        "f": 352562960,
        "l": 352562960,
        "m": true,
        "p": "28949.14",
        "q": "0.050"
    },
    {
        "T": 1609459206670,
        "a": 225902653,
        "f": 352562961,
        "l": 352562961,
        "m": true,
        "p": "28947.10",
        "q": "0.037"
    },
    {
        "T": 1609459206670,
        "a": 225902654,
        "f": 352562962,
        "l": 352562964,
        "m": true,
        "p": "28946.52",
        "q": "0.767"
    },
    {
        "T": 1609459206670,
        "a": 225902655,
        "f": 352562965,
        "l": 352562966,
        "m": true,
        "p": "28946.51",
        "q": "0.146"
    },
    {
        "T": 1609459206672,
        "a": 225902656,
        "f": 352562967,
        "l": 352562967,
        "m": false,
        "p": "28949.15",
        "q": "0.392"
    },
    {
        "T": 1609459206714,
        "a": 225902657,
        "f": 352562968,
        "l": 352562968,
        "m": false,
        "p": "28951.23",
        "q": "0.036"
    },
    {
        "T": 1609459206890,
        "a": 225902658,
        "f": 352562969,
        "l": 352562970,
        "m": true,
        "p": "28948.39",
        "q": "0.015"
    },
    {
        "T": 1609459206890,
        "a": 225902659,
        "f": 352562971,
        "l": 352562973,
        "m": true,
        "p": "28946.54",
        "q": "0.121"
    },
    {
        "T": 1609459206892,
        "a": 225902660,
        "f": 352562974,
        "l": 352562974,
        "m": true,
        "p": "28946.53",
        "q": "0.071"
    },
    {
        "T": 1609459206892,
        "a": 225902661,
        "f": 352562975,
        "l": 352562976,
        "m": true,
        "p": "28946.51",
        "q": "0.043"
    },
    {
        "T": 1609459206951,
        "a": 225902662,
        "f": 352562977,
        "l": 352562977,
        "m": false,
        "p": "28948.40",
        "q": "0.017"
    },
    {
        "T": 1609459207008,
        "a": 225902663,
        "f": 352562978,
        "l": 352562981,
        "m": false,
        "p": "28947.46",
        "q": "0.047"
    },
    {
        "T": 1609459207276,
        "a": 225902664,
        "f": 352562982,
        "l": 352562982,
        "m": true,
        "p": "28947.45",
        "q": "0.017"
    },
    {
        "T": 1609459207292,
        "a": 225902665,
        "f": 352562983,
        "l": 352562983,
        "m": false,
        "p": "28947.46",
        "q": "0.003"
    },
    {
        "T": 1609459207483,
        "a": 225902666,
        "f": 352562984,
        "l": 352562985,
        "m": false,
        "p": "28947.46",
        "q": "0.475"
    },
    {
        "T": 1609459207776,
        "a": 225902667,
        "f": 352562986,
        "l": 352562986,
        "m": true,
        "p": "28949.37",
        "q": "0.017"
    },
    {
        "T": 1609459207819,
        "a": 225902668,
        "f": 352562987,
        "l": 352562987,
        "m": false,
        "p": "28949.80",
        "q": "0.067"
    },
    {
        "T": 1609459207831,
        "a": 225902669,
        "f": 352562988,
        "l": 352562989,
        "m": true,
        "p": "28949.37",
        "q": "0.043"
    },
    {
        "T": 1609459207909,
        "a": 225902670,
        "f": 352562990,
        "l": 352562990,
        "m": false,
        "p": "28949.79",
        "q": "0.001"
    },
    {
        "T": 1609459207909,
        "a": 225902671,
        "f": 352562991,
        "l": 352562991,
        "m": false,
        "p": "28949.80",
        "q": "0.003"
    },
    {
        "T": 1609459208165,
        "a": 225902672,
        "f": 352562992,
        "l": 352562994,
        "m": false,
        "p": "28949.79",
        "q": "0.142"
    },
    {
        "T": 1609459208468,
        "a": 225902673,
        "f": 352562995,
        "l": 352562995,
        "m": true,
        "p": "28949.78",
        "q": "0.007"
    },
    {
        "T": 1609459208584,
        "a": 225902674,
        "f": 352562996,
        "l": 352562997,
        "m": false,
        "p": "28949.79",
        "q": "0.151"
    },
    {
        "T": 1609459208790,
        "a": 225902675,
        "f": 352562998,
        "l": 352562999,
        "m": false,
        "p": "28949.79",
        "q": "0.045"
    },
    {
        "T": 1609459208951,
        "a": 225902676,
        "f": 352563000,
        "l": 352563003,
        "m": false,
        "p": "28949.79",
        "q": "1.584"
    },
    {
        "T": 1609459209058,
        "a": 225902677,
        "f": 352563004,
        "l": 352563006,
        "m": false,
        "p": "28949.79",
        "q": "0.077"
    },
    {
        "T": 1609459209092,
        "a": 225902678,
        "f": 352563007,
        "l": 352563007,
        "m": false,
        "p": "28951.68",
        "q": "0.011"
    },
    {
        "T": 1609459209092,
        "a": 225902679,
        "f": 352563008,
        "l": 352563009,
        "m": false,
        "p": "28951.79",
        "q": "0.049"
    },
    {
        "T": 1609459209629,
        "a": 225902680,
        "f": 352563010,
        "l": 352563012,
        "m": true,
        "p": "28951.34",
        "q": "0.266"
    },
    {
        "T": 1609459209629,
        "a": 225902681,
        "f": 352563013,
        "l": 352563013,
        "m": true,
        "p": "28949.78",
        "q": "0.025"
    },
    {
        "T": 1609459209651,
        "a": 225902682,
        "f": 352563014,
        "l": 352563014,
        "m": false,
        "p": "28951.35",
        "q": "0.077"
    },
    {
        "T": 1609459210111,
        "a": 225902683,
        "f": 352563015,
        "l": 352563017,
        "m": false,
        "p": "28949.79",
        "q": "0.019"
    },
    {
        "T": 1609459210207,
        "a": 225902684,
        "f": 352563018,
        "l": 352563019,
        "m": true,
        "p": "28949.78",
        "q": "0.034"
    },
    {
        "T": 1609459210517,
        "a": 225902685,
        "f": 352563020,
        "l": 352563021,
        "m": true,
        "p": "28949.78",
        "q": "0.065"
    },
    {
        "T": 1609459210517,
        "a": 225902686,
        "f": 352563022,
        "l": 352563022,
        "m": true,
        "p": "28947.81",
        "q": "0.137"
    },
    {
        "T": 1609459210703,
        "a": 225902687,
        "f": 352563023,
        "l": 352563023,
        "m": false,
        "p": "28947.82",
        "q": "0.035"
    },
    {
        "T": 1609459210728,
        "a": 225902688,
        "f": 352563024,
        "l": 352563024,
        "m": true,
        "p": "28947.81",
        "q": "0.016"
    },
    {
        "T": 1609459210833,
        "a": 225902689,
        "f": 352563025,
        "l": 352563025,
        "m": true,
        "p": "28947.81",
        "q": "0.003"
    },
    {
        "T": 1609459210964,
        "a": 225902690,
        "f": 352563026,
        "l": 352563026,
        "m": false,
        "p": "28947.82",
        "q": "0.018"
    },
    {
        "T": 1609459210965,
        "a": 225902691,
        "f": 352563027,
        "l": 352563027,
        "m": true,
        "p": "28947.81",
        "q": "0.014"
    },
    {
        "T": 1609459211096,
        "a": 225902692,
        "f": 352563028,
        "l": 352563029,
        "m": false,
        "p": "28947.82",
        "q": "0.020"
    },
    {
        "T": 1609459211160,
        "a": 225902693,
        "f": 352563030,
        "l": 352563030,
        "m": true,
        "p": "28947.81",
        "q": "0.010"
    },
    {
        "T": 1609459211427,
        "a": 225902694,
        "f": 352563031,
        "l": 352563031,
        "m": false,
        "p": "28947.82",
        "q": "0.001"
    },
    {
        "T": 1609459211780,
        "a": 225902695,
        "f": 352563032,
        "l": 352563033,
        "m": false,
        "p": "28947.82",
        "q": "0.012"
    },
    {
        "T": 1609459211977,
        "a": 225902696,
        "f": 352563034,
        "l": 352563035,
        "m": false,
        "p": "28947.82",
        "q": "0.023"
    },
    {
        "T": 1609459212302,
        "a": 225902697,
        "f": 352563036,
        "l": 352563041,
        "m": true,
        "p": "28947.81",
        "q": "1.143"
    },
    {
        "T": 1609459212319,
        "a": 225902698,
        "f": 352563042,
        "l": 352563052,
        "m": true,
        "p": "28947.45",
        "q": "1.191"
    },
    {
        "T": 1609459212418,
        "a": 225902699,
        "f": 352563053,
        "l": 352563054,
        "m": true,
        "p": "28945.03",
        "q": "0.087"
    },
    {
        "T": 1609459213200,
        "a": 225902700,
        "f": 352563055,
        "l": 352563055,
        "m": true,
        "p": "28943.40",
        "q": "0.025"
    },
    {
        "T": 1609459213409,
        "a": 225902701,
        "f": 352563056,
        "l": 352563060,
        "m": true,
        "p": "28943.40",
        "q": "0.390"
    },
    {
        "T": 1609459213906,
        "a": 225902702,
        "f": 352563061,
        "l": 352563064,
        "m": true,
        "p": "28943.40",
        "q": "0.157"
    },
    {
        "T": 1609459214141,
        "a": 225902703,
        "f": 352563065,
        "l": 352563065,
        "m": false,
        "p": "28943.41",
        "q": "0.007"
    },
    {
        "T": 1609459214153,
        "a": 225902704,
        "f": 352563066,
        "l": 352563067,
        "m": true,
        "p": "28943.40",
        "q": "0.114"
    },
    {
        "T": 1609459214327,
        "a": 225902705,
        "f": 352563068,
        "l": 352563076,
        "m": false,
        "p": "28943.41",
        "q": "0.649"
    },
    {
        "T": 1609459214327,
        "a": 225902706,
        "f": 352563077,
        "l": 352563080,
        "m": false,
        "p": "28945.03",
        "q": "0.282"
    },
    {
        "T": 1609459214327,
        "a": 225902707,
        "f": 352563081,
        "l": 352563081,
        "m": false,
        "p": "28945.04",
        "q": "0.076"
    },
    {
        "T": 1609459214327,
        "a": 225902708,
        "f": 352563082,
        "l": 352563082,
        "m": false,
        "p": "28946.08",
        "q": "0.232"
    },
    {
        "T": 1609459214327,
        "a": 225902709,
        "f": 352563083,
        "l": 352563083,
        "m": false,
        "p": "28947.28",
        "q": "0.094"
    },
    {
        "T": 1609459214327,
        "a": 225902710,
        "f": 352563084,
        "l": 352563085,
        "m": false,
        "p": "28947.34",
        "q": "0.032"
    },
    {
        "T": 1609459214327,
        "a": 225902711,
        "f": 352563086,
        "l": 352563086,
        "m": false,
        "p": "28947.44",
        "q": "0.039"
    },
    {
        "T": 1609459214327,
        "a": 225902712,
        "f": 352563087,
        "l": 352563087,
        "m": false,
        "p": "28947.48",
        "q": "0.026"
    },
    {
        "T": 1609459214327,
        "a": 225902713,
        "f": 352563088,
        "l": 352563088,
        "m": false,
        "p": "28947.81",
        "q": "0.500"
    },
    {
        "T": 1609459214327,
        "a": 225902714,
        "f": 352563089,
        "l": 352563089,
        "m": false,
        "p": "28947.94",
        "q": "0.432"
    },
    {
        "T": 1609459214327,
        "a": 225902715,
        "f": 352563090,
        "l": 352563090,
        "m": false,
        "p": "28948.07",
        "q": "0.259"
    },
    {
        "T": 1609459214327,
        "a": 225902716,
        "f": 352563091,
        "l": 352563091,
        "m": false,
        "p": "28948.27",
        "q": "0.021"
    },
    {
        "T": 1609459214327,
        "a": 225902717,
        "f": 352563092,
        "l": 352563092,
        "m": false,
        "p": "28948.39",
        "q": "0.082"
    },
    {
        "T": 1609459214327,
        "a": 225902718,
        "f": 352563093,
        "l": 352563093,
        "m": false,
        "p": "28948.41",
        "q": "0.010"
    },
    {
        "T": 1609459214327,
        "a": 225902719,
        "f": 352563094,
        "l": 352563094,
        "m": false,
        "p": "28948.55",
        "q": "0.115"
    },
    {
        "T": 1609459214327,
        "a": 225902720,
        "f": 352563095,
        "l": 352563095,
        "m": false,
        "p": "28949.16",
        "q": "0.525"
    },
    {
        "T": 1609459214327,
        "a": 225902721,
        "f": 352563096,
        "l": 352563096,
        "m": false,
        "p": "28949.40",
        "q": "0.626"
    },
    {
        "T": 1609459214349,
        "a": 225902722,
        "f": 352563097,
        "l": 352563097,
        "m": false,
        "p": "28945.02",
        "q": "0.075"
    },
    {
        "T": 1609459214349,
        "a": 225902723,
        "f": 352563098,
        "l": 352563100,
        "m": false,
        "p": "28947.27",
        "q": "0.840"
    },
    {
        "T": 1609459214349,
        "a": 225902724,
        "f": 352563101,
        "l": 352563101,
        "m": false,
        "p": "28947.80",
        "q": "0.252"
    },
    {
        "T": 1609459214349,
        "a": 225902725,
        "f": 352563102,
        "l": 352563102,
        "m": false,
        "p": "28947.93",
        "q": "0.047"
    },
    {
        "T": 1609459214349,
        "a": 225902726,
        "f": 352563103,
        "l": 352563103,
        "m": false,
        "p": "28949.39",
        "q": "0.046"
    },
    {
        "T": 1609459214349,
        "a": 225902727,
        "f": 352563104,
        "l": 352563104,
        "m": false,
        "p": "28949.40",
        "q": "0.374"
    },
    {
        "T": 1609459214349,
        "a": 225902728,
        "f": 352563105,
        "l": 352563105,
        "m": false,
        "p": "28949.61",
        "q": "0.163"
    },
    {
        "T": 1609459214349,
        "a": 225902729,
        "f": 352563106,
        "l": 352563106,
        "m": false,
        "p": "28949.62",
        "q": "0.145"
    },
    {
        "T": 1609459214349,
        "a": 225902730,
        "f": 352563107,
        "l": 352563107,
        "m": false,
        "p": "28949.99",
        "q": "0.058"
    },
    {
        "T": 1609459214716,
        "a": 225902731,
        "f": 352563108,
        "l": 352563108,
        "m": false,
        "p": "28951.35",
        "q": "0.022"
    },
    {
        "T": 1609459214813,
        "a": 225902732,
        "f": 352563109,
        "l": 352563109,
        "m": true,
        "p": "28951.34",
        "q": "0.050"
    },
    {
        "T": 1609459214813,
        "a": 225902733,
        "f": 352563110,
        "l": 352563110,
        "m": true,
        "p": "28951.09",
        "q": "0.156"
    },
    {
        "T": 1609459214813,
        "a": 225902734,
        "f": 352563111,
        "l": 352563111,
        "m": true,
        "p": "28950.43",
        "q": "0.062"
    },
    {
        "T": 1609459214813,
        "a": 225902735,
        "f": 352563112,
        "l": 352563112,
        "m": true,
        "p": "28948.25",
        "q": "0.146"
    },
    {
        "T": 1609459214897,
        "a": 225902736,
        "f": 352563113,
        "l": 352563113,
        "m": true,
        "p": "28951.30",
        "q": "0.001"
    },
    {
        "T": 1609459214897,
        "a": 225902737,
        "f": 352563114,
        "l": 352563114,
        "m": true,
        "p": "28948.03",
        "q": "0.094"
    },
    {
        "T": 1609459214897,
        "a": 225902738,
        "f": 352563115,
        "l": 352563116,
        "m": true,
        "p": "28947.37",
        "q": "0.058"
    },
    {
        "T": 1609459214982,
        "a": 225902739,
        "f": 352563117,
        "l": 352563118,
        "m": true,
        "p": "28951.30",
        "q": "0.089"
    },
    {
        "T": 1609459215178,
        "a": 225902740,
        "f": 352563119,
        "l": 352563119,
        "m": true,
        "p": "28951.30",
        "q": "0.076"
    },
    {
        "T": 1609459215187,
        "a": 225902741,
        "f": 352563120,
        "l": 352563121,
        "m": false,
        "p": "28951.31",
        "q": "0.087"
    },
    {
        "T": 1609459215401,
        "a": 225902742,
        "f": 352563122,
        "l": 352563122,
        "m": true,
        "p": "28951.30",
        "q": "0.095"
    },
    {
        "T": 1609459215567,
        "a": 225902743,
        "f": 352563123,
        "l": 352563124,
        "m": true,
        "p": "28951.30",
        "q": "0.214"
    },
    {
        "T": 1609459215824,
        "a": 225902744,
        "f": 352563125,
        "l": 352563125,
        "m": false,
        "p": "28950.44",
        "q": "0.008"
    },
    {
        "T": 1609459215824,
        "a": 225902745,
        "f": 352563126,
        "l": 352563126,
        "m": false,
        "p": "28950.45",
        "q": "0.077"
    },
    {
        "T": 1609459216179,
        "a": 225902746,
        "f": 352563127,
        "l": 352563127,
        "m": true,
        "p": "28948.79",
        "q": "0.170"
    },
    {
        "T": 1609459216431,
        "a": 225902747,
        "f": 352563128,
        "l": 352563130,
        "m": false,
        "p": "28948.80",
        "q": "0.180"
    },
    {
        "T": 1609459216624,
        "a": 225902748,
        "f": 352563131,
        "l": 352563131,
        "m": true,
        "p": "28948.79",
        "q": "0.001"
    },
    {
        "T": 1609459216964,
        "a": 225902749,
        "f": 352563132,
        "l": 352563132,
        "m": false,
        "p": "28948.80",
        "q": "0.001"
    },
    {
        "T": 1609459216981,
        "a": 225902750,
        "f": 352563133,
        "l": 352563133,
        "m": true,
        "p": "28948.79",
        "q": "0.014"
    },
    {
        "T": 1609459217373,
        "a": 225902751,
        "f": 352563134,
        "l": 352563134,
        "m": false,
        "p": "28948.80",
        "q": "0.002"
    },
    {
        "T": 1609459217708,
        "a": 225902752,
        "f": 352563135,
        "l": 352563135,
        "m": true,
        "p": "28948.79",
        "q": "0.001"
    },
    {
        "T": 1609459217825,
        "a": 225902753,
        "f": 352563136,
        "l": 352563137,
        "m": false,
        "p": "28948.80",
        "q": "0.063"
    },
    {
        "T": 1609459218154,
        "a": 225902754,
        "f": 352563138,
        "l": 352563138,
        "m": false,
        "p": "28948.80",
        "q": "0.002"
    },
    {
        "T": 1609459218835,
        "a": 225902755,
        "f": 352563139,
        "l": 352563141,
        "m": true,
        "p": "28948.79",
        "q": "0.159"
    },
    {
        "T": 1609459219213,
        "a": 225902756,
        "f": 352563142,
        "l": 352563142,
        "m": true,
        "p": "28948.79",
        "q": "0.031"
    },
    {
        "T": 1609459219352,
        "a": 225902757,
        "f": 352563143,
        "l": 352563143,
        "m": false,
        "p": "28948.80",
        "q": "0.015"
    },
    {
        "T": 1609459219634,
        "a": 225902758,
        "f": 352563144,
        "l": 352563144,
        "m": false,
        "p": "28948.80",
        "q": "0.011"
    },
    {
        "T": 1609459219899,
        "a": 225902759,
        "f": 352563145,
        "l": 352563145,
        "m": false,
        "p": "28948.80",
        "q": "0.034"
    },
    {
        "T": 1609459220134,
        "a": 225902760,
        "f": 352563146,
        "l": 352563148,
        "m": true,
        "p": "28948.79",
        "q": "0.280"
    },
    {
        "T": 1609459220654,
        "a": 225902761,
        "f": 352563149,
        "l": 352563149,
        "m": true,
        "p": "28948.79",
        "q": "0.069"
    },
    {
        "T": 1609459220935,
        "a": 225902762,
        "f": 352563150,
        "l": 352563150,
        "m": true,
        "p": "28948.79",
        "q": "0.001"
    },
    {
        "T": 1609459221627,
        "a": 225902763,
        "f": 352563151,
        "l": 352563152,
        "m": true,
        "p": "28948.79",
        "q": "0.069"
    },
    {
        "T": 1609459222288,
        "a": 225902764,
        "f": 352563153,
        "l": 352563153,
        "m": false,
        "p": "28948.80",
        "q": "0.001"
    },
    {
        "T": 1609459222648,
        "a": 225902765,
        "f": 352563154,
        "l": 352563155,
        "m": true,
        "p": "28948.79",
        "q": "0.069"
    },
    {
        "T": 1609459222884,
        "a": 225902766,
        "f": 352563156,
        "l": 352563156,
        "m": false,
        "p": "28948.80",
        "q": "0.007"
    },
    {
        "T": 1609459223527,
        "a": 225902767,
        "f": 352563157,
        "l": 352563157,
        "m": true,
        "p": "28948.79",
        "q": "0.050"
    },
    {
        "T": 1609459223665,
        "a": 225902768,
        "f": 352563158,
        "l": 352563160,
        "m": true,
        "p": "28948.79",
        "q": "0.138"
    },
    {
        "T": 1609459223776,
        "a": 225902769,
        "f": 352563161,
        "l": 352563162,
        "m": true,
        "p": "28948.79",
        "q": "0.186"
    },
    {
        "T": 1609459223789,
        "a": 225902770,
        "f": 352563163,
        "l": 352563163,
        "m": false,
        "p": "28948.80",
        "q": "0.001"
    },
    {
        "T": 1609459224016,
        "a": 225902771,
        "f": 352563164,
        "l": 352563164,
        "m": true,
        "p": "28948.79",
        "q": "0.069"
    },
    {
        "T": 1609459224166,
        "a": 225902772,
        "f": 352563165,
        "l": 352563178,
        "m": true,
        "p": "28948.79",
        "q": "1.449"
    },
    {
        "T": 1609459224166,
        "a": 225902773,
        "f": 352563179,
        "l": 352563179,
        "m": true,
        "p": "28946.42",
        "q": "0.565"
    },
    {
        "T": 1609459224593,
        "a": 225902774,
        "f": 352563180,
        "l": 352563180,
        "m": false,
        "p": "28946.43",
        "q": "0.156"
    },
    {
        "T": 1609459224593,
        "a": 225902775,
        "f": 352563181,
        "l": 352563181,
        "m": false,
        "p": "28947.65",
        "q": "0.013"
    },
    {
        "T": 1609459224593,
        "a": 225902776,
        "f": 352563182,
        "l": 352563182,
        "m": false,
        "p": "28947.66",
        "q": "0.120"
    },
    {
        "T": 1609459224593,
        "a": 225902777,
        "f": 352563183,
        "l": 352563183,
        "m": false,
        "p": "28947.68",
        "q": "0.100"
    },
    {
        "T": 1609459224593,
        "a": 225902778,
        "f": 352563184,
        "l": 352563184,
        "m": false,
        "p": "28948.70",
        "q": "0.094"
    },
    {
        "T": 1609459224593,
        "a": 225902779,
        "f": 352563185,
        "l": 352563185,
        "m": false,
        "p": "28948.79",
        "q": "0.022"
    },
    {
        "T": 1609459224593,
        "a": 225902780,
        "f": 352563186,
        "l": 352563188,
        "m": false,
        "p": "28948.80",
        "q": "0.062"
    },
    {
        "T": 1609459224594,
        "a": 225902781,
        "f": 352563189,
        "l": 352563190,
        "m": true,
        "p": "28948.80",
        "q": "1.069"
    },
    {
        "T": 1609459225371,
        "a": 225902782,
        "f": 352563191,
        "l": 352563191,
        "m": true,
        "p": "28948.80",
        "q": "0.069"
    },
    {
        "T": 1609459225500,
        "a": 225902783,
        "f": 352563192,
        "l": 352563192,
        "m": true,
        "p": "28948.80",
        "q": "0.005"
    },
    {
        "T": 1609459225682,
        "a": 225902784,
        "f": 352563193,
        "l": 352563193,
        "m": true,
        "p": "28948.80",
        "q": "0.069"
    },
    {
        "T": 1609459225788,
        "a": 225902785,
        "f": 352563194,
        "l": 352563194,
        "m": true,
        "p": "28948.80",
        "q": "0.069"
    },
    {
        "T": 1609459225836,
        "a": 225902786,
        "f": 352563195,
        "l": 352563195,
        "m": false,
        "p": "28948.81",
        "q": "0.010"
    },
    {
        "T": 1609459225873,
        "a": 225902787,
        "f": 352563196,
        "l": 352563196,
        "m": true,
        "p": "28948.80",
        "q": "0.069"
    },
    {
        "T": 1609459225879,
        "a": 225902788,
        "f": 352563197,
        "l": 352563198,
        "m": false,
        "p": "28948.81",
        "q": "0.346"
    },
    {
        "T": 1609459225965,
        "a": 225902789,
        "f": 352563199,
        "l": 352563199,
        "m": true,
        "p": "28948.80",
        "q": "0.069"
    },
    {
        "T": 1609459226294,
        "a": 225902790,
        "f": 352563200,
        "l": 352563201,
        "m": false,
        "p": "28948.81",
        "q": "0.004"
    },
    {
        "T": 1609459226294,
        "a": 225902791,
        "f": 352563202,
        "l": 352563204,
        "m": false,
        "p": "28949.00",
        "q": "0.391"
    },
    {
        "T": 1609459226296,
        "a": 225902792,
        "f": 352563205,
        "l": 352563205,
        "m": false,
        "p": "28949.99",
        "q": "0.027"
    },
    {
        "T": 1609459226493,
        "a": 225902793,
        "f": 352563206,
        "l": 352563207,
        "m": false,
        "p": "28950.34",
        "q": "0.362"
    },
    {
        "T": 1609459226613,
        "a": 225902794,
        "f": 352563208,
        "l": 352563210,
        "m": true,
        "p": "28950.33",
        "q": "0.321"
    },
    {
        "T": 1609459226848,
        "a": 225902795,
        "f": 352563211,
        "l": 352563211,
        "m": true,
        "p": "28950.33",
        "q": "0.069"
    },
    {
        "T": 1609459226893,
        "a": 225902796,
        "f": 352563212,
        "l": 352563213,
        "m": false,
        "p": "28950.34",
        "q": "0.346"
    },
    {
        "T": 1609459226949,
        "a": 225902797,
        "f": 352563214,
        "l": 352563214,
        "m": true,
        "p": "28950.33",
        "q": "0.069"
    },
    {
        "T": 1609459227059,
        "a": 225902798,
        "f": 352563215,
        "l": 352563215,
        "m": true,
        "p": "28950.33",
        "q": "0.069"
    },
    {
        "T": 1609459227260,
        "a": 225902799,
        "f": 352563216,
        "l": 352563216,
        "m": false,
        "p": "28950.34",
        "q": "0.098"
    },
    {
        "T": 1609459227682,
        "a": 225902800,
        "f": 352563217,
        "l": 352563218,
        "m": true,
        "p": "28950.33",
        "q": "0.073"
    },
    {
        "T": 1609459227800,
        "a": 225902801,
        "f": 352563219,
        "l": 352563220,
        "m": true,
        "p": "28950.33",
        "q": "0.052"
    },
    {
        "T": 1609459228078,
        "a": 225902802,
        "f": 352563221,
        "l": 352563223,
        "m": false,
        "p": "28950.34",
        "q": "0.346"
    },
    {
        "T": 1609459228183,
        "a": 225902803,
        "f": 352563224,
        "l": 352563226,
        "m": false,
        "p": "28950.34",
        "q": "0.015"
    },
    {
        "T": 1609459228241,
        "a": 225902804,
        "f": 352563227,
        "l": 352563227,
        "m": false,
        "p": "28951.32",
        "q": "0.031"
    },
    {
        "T": 1609459228243,
        "a": 225902805,
        "f": 352563228,
        "l": 352563231,
        "m": true,
        "p": "28950.33",
        "q": "0.010"
    },
    {
        "T": 1609459228640,
        "a": 225902806,
        "f": 352563232,
        "l": 352563232,
        "m": true,
        "p": "28950.33",
        "q": "0.069"
    },
    {
        "T": 1609459228819,
        "a": 225902807,
        "f": 352563233,
        "l": 352563233,
        "m": true,
        "p": "28951.03",
        "q": "0.001"
    },
    {
        "T": 1609459228915,
        "a": 225902808,
        "f": 352563234,
        "l": 352563234,
        "m": false,
        "p": "28951.25",
        "q": "0.010"
    },
    {
        "T": 1609459228915,
        "a": 225902809,
        "f": 352563235,
        "l": 352563235,
        "m": false,
        "p": "28951.26",
        "q": "0.069"
    },
    {
        "T": 1609459228981,
        "a": 225902810,
        "f": 352563236,
        "l": 352563236,
        "m": false,
        "p": "28951.34",
        "q": "0.010"
    },
    {
        "T": 1609459229937,
        "a": 225902811,
        "f": 352563237,
        "l": 352563238,
        "m": true,
        "p": "28951.33",
        "q": "0.306"
    },
    {
        "T": 1609459230234,
        "a": 225902812,
        "f": 352563239,
        "l": 352563240,
        "m": false,
        "p": "28951.34",
        "q": "0.023"
    },
    {
        "T": 1609459230637,
        "a": 225902813,
        "f": 352563241,
        "l": 352563241,
        "m": true,
        "p": "28951.33",
        "q": "0.069"
    },
    {
        "T": 1609459230706,
        "a": 225902814,
        "f": 352563242,
        "l": 352563248,
        "m": false,
        "p": "28951.34",
        "q": "0.516"
    },
    {
        "T": 1609459230706,
        "a": 225902815,
        "f": 352563249,
        "l": 352563249,
        "m": false,
        "p": "28951.35",
        "q": "1.088"
    },
    {
        "T": 1609459230706,
        "a": 225902816,
        "f": 352563250,
        "l": 352563251,
        "m": false,
        "p": "28951.79",
        "q": "2.796"
    },
    {
        "T": 1609459230721,
        "a": 225902817,
        "f": 352563252,
        "l": 352563253,
        "m": true,
        "p": "28951.78",
        "q": "0.138"
    },
    {
        "T": 1609459230935,
        "a": 225902818,
        "f": 352563254,
        "l": 352563255,
        "m": true,
        "p": "28951.78",
        "q": "0.358"
    },
    {
        "T": 1609459231167,
        "a": 225902819,
        "f": 352563256,
        "l": 352563256,
        "m": false,
        "p": "28951.79",
        "q": "0.007"
    },
    {
        "T": 1609459231404,
        "a": 225902820,
        "f": 352563257,
        "l": 352563258,
        "m": false,
        "p": "28951.79",
        "q": "7.219"
    },
    {
        "T": 1609459231404,
        "a": 225902821,
        "f": 352563259,
        "l": 352563259,
        "m": false,
        "p": "28951.80",
        "q": "0.001"
    },
    {
        "T": 1609459231404,
        "a": 225902822,
        "f": 352563260,
        "l": 352563260,
        "m": false,
        "p": "28952.00",
        "q": "0.020"
    },
    {
        "T": 1609459231415,
        "a": 225902823,
        "f": 352563261,
        "l": 352563261,
        "m": false,
        "p": "28953.15",
        "q": "0.001"
    },
    {
        "T": 1609459231415,
        "a": 225902824,
        "f": 352563262,
        "l": 352563262,
        "m": false,
        "p": "28953.39",
        "q": "0.010"
    },
    {
        "T": 1609459231415,
        "a": 225902825,
        "f": 352563263,
        "l": 352563263,
        "m": false,
        "p": "28953.40",
        "q": "0.038"
    },
    {
        "T": 1609459231420,
        "a": 225902826,
        "f": 352563264,
        "l": 352563265,
        "m": false,
        "p": "28954.97",
        "q": "0.071"
    },
    {
        "T": 1609459231442,
        "a": 225902827,
        "f": 352563266,
        "l": 352563266,
        "m": false,
        "p": "28954.98",
        "q": "1.500"
    },
    {
        "T": 1609459231462,
        "a": 225902828,
        "f": 352563267,
        "l": 352563267,
        "m": false,
        "p": "28955.42",
        "q": "0.360"
    },
    {
        "T": 1609459231462,
        "a": 225902829,
        "f": 352563268,
        "l": 352563268,
        "m": false,
        "p": "28955.65",
        "q": "0.040"
    },
    {
        "T": 1609459231462,
        "a": 225902830,
        "f": 352563269,
        "l": 352563269,
        "m": false,
        "p": "28956.39",
        "q": "0.085"
    },
    {
        "T": 1609459231462,
        "a": 225902831,
        "f": 352563270,
        "l": 352563270,
        "m": false,
        "p": "28956.67",
        "q": "0.041"
    },
    {
        "T": 1609459231462,
        "a": 225902832,
        "f": 352563271,
        "l": 352563271,
        "m": false,
        "p": "28956.69",
        "q": "0.042"
    },
    {
        "T": 1609459231484,
        "a": 225902833,
        "f": 352563272,
        "l": 352563272,
        "m": false,
        "p": "28957.26",
        "q": "0.167"
    },
    {
        "T": 1609459231484,
        "a": 225902834,
        "f": 352563273,
        "l": 352563273,
        "m": false,
        "p": "28957.44",
        "q": "0.086"
    },
    {
        "T": 1609459231484,
        "a": 225902835,
        "f": 352563274,
        "l": 352563274,
        "m": false,
        "p": "28957.45",
        "q": "1.000"
    },
    {
        "T": 1609459231500,
        "a": 225902836,
        "f": 352563275,
        "l": 352563275,
        "m": false,
        "p": "28957.76",
        "q": "0.083"
    },
    {
        "T": 1609459231500,
        "a": 225902837,
        "f": 352563276,
        "l": 352563276,
        "m": false,
        "p": "28958.20",
        "q": "0.007"
    },
    {
        "T": 1609459231500,
        "a": 225902838,
        "f": 352563277,
        "l": 352563278,
        "m": false,
        "p": "28958.70",
        "q": "0.006"
    },
    {
        "T": 1609459231508,
        "a": 225902839,
        "f": 352563279,
        "l": 352563279,
        "m": false,
        "p": "28958.34",
        "q": "0.050"
    },
    {
        "T": 1609459231517,
        "a": 225902840,
        "f": 352563280,
        "l": 352563280,
        "m": false,
        "p": "28958.53",
        "q": "0.360"
    },
    {
        "T": 1609459231517,
        "a": 225902841,
        "f": 352563281,
        "l": 352563281,
        "m": false,
        "p": "28958.83",
        "q": "0.020"
    },
    {
        "T": 1609459231517,
        "a": 225902842,
        "f": 352563282,
        "l": 352563282,
        "m": false,
        "p": "28959.10",
        "q": "0.020"
    },
    {
        "T": 1609459231522,
        "a": 225902843,
        "f": 352563283,
        "l": 352563283,
        "m": false,
        "p": "28958.94",
        "q": "0.360"
    },
    {
        "T": 1609459231522,
        "a": 225902844,
        "f": 352563284,
        "l": 352563284,
        "m": false,
        "p": "28959.10",
        "q": "0.063"
    },
    {
        "T": 1609459231522,
        "a": 225902845,
        "f": 352563285,
        "l": 352563285,
        "m": false,
        "p": "28959.23",
        "q": "0.085"
    },
    {
        "T": 1609459231522,
        "a": 225902846,
        "f": 352563286,
        "l": 352563286,
        "m": false,
        "p": "28959.27",
        "q": "0.100"
    },
    {
        "T": 1609459231522,
        "a": 225902847,
        "f": 352563287,
        "l": 352563287,
        "m": false,
        "p": "28959.28",
        "q": "0.042"
    },
    {
        "T": 1609459231522,
        "a": 225902848,
        "f": 352563288,
        "l": 352563288,
        "m": false,
        "p": "28959.97",
        "q": "0.460"
    },
    {
        "T": 1609459231522,
        "a": 225902849,
        "f": 352563289,
        "l": 352563289,
        "m": false,
        "p": "28960.22",
        "q": "0.894"
    },
    {
        "T": 1609459231522,
        "a": 225902850,
        "f": 352563290,
        "l": 352563290,
        "m": false,
        "p": "28960.23",
        "q": "0.008"
    },
    {
        "T": 1609459231522,
        "a": 225902851,
        "f": 352563291,
        "l": 352563291,
        "m": false,
        "p": "28960.60",
        "q": "0.800"
    },
    {
        "T": 1609459231522,
        "a": 225902852,
        "f": 352563292,
        "l": 352563292,
        "m": false,
        "p": "28960.61",
        "q": "0.085"
    },
    {
        "T": 1609459231522,
        "a": 225902853,
        "f": 352563293,
        "l": 352563293,
        "m": false,
        "p": "28960.66",
        "q": "0.009"
    },
    {
        "T": 1609459231522,
        "a": 225902854,
        "f": 352563294,
        "l": 352563294,
        "m": false,
        "p": "28960.75",
        "q": "0.085"
    },
    {
        "T": 1609459231522,
        "a": 225902855,
        "f": 352563295,
        "l": 352563296,
        "m": false,
        "p": "28960.94",
        "q": "0.670"
    },
    {
        "T": 1609459231534,
        "a": 225902856,
        "f": 352563297,
        "l": 352563299,
        "m": false,
        "p": "28959.72",
        "q": "0.405"
    },
    {
        "T": 1609459231554,
        "a": 225902857,
        "f": 352563300,
        "l": 352563301,
        "m": false,
        "p": "28960.94",
        "q": "0.197"
    },
    {
        "T": 1609459231556,
        "a": 225902858,
        "f": 352563302,
        "l": 352563302,
        "m": false,
        "p": "28959.71",
        "q": "0.060"
    },
    {
        "T": 1609459231558,
        "a": 225902859,
        "f": 352563303,
        "l": 352563304,
        "m": false,
        "p": "28960.94",
        "q": "0.133"
    },
    {
        "T": 1609459231571,
        "a": 225902860,
        "f": 352563305,
        "l": 352563306,
        "m": false,
        "p": "28961.72",
        "q": "0.254"
    },
    {
        "T": 1609459231574,
        "a": 225902861,
        "f": 352563307,
        "l": 352563308,
        "m": false,
        "p": "28962.25",
        "q": "0.140"
    },
    {
        "T": 1609459231577,
        "a": 225902862,
        "f": 352563309,
        "l": 352563309,
        "m": false,
        "p": "28962.59",
        "q": "0.006"
    },
    {
        "T": 1609459231590,
        "a": 225902863,
        "f": 352563310,
        "l": 352563310,
        "m": false,
        "p": "28962.76",
        "q": "0.003"
    },
    {
        "T": 1609459231590,
        "a": 225902864,
        "f": 352563311,
        "l": 352563311,
        "m": false,
        "p": "28962.90",
        "q": "0.080"
    },
    {
        "T": 1609459231590,
        "a": 225902865,
        "f": 352563312,
        "l": 352563312,
        "m": false,
        "p": "28963.74",
        "q": "0.322"
    },
    {
        "T": 1609459231614,
        "a": 225902866,
        "f": 352563313,
        "l": 352563313,
        "m": false,
        "p": "28964.29",
        "q": "0.060"
    },
    {
        "T": 1609459231614,
        "a": 225902867,
        "f": 352563314,
        "l": 352563316,
        "m": false,
        "p": "28964.30",
        "q": "2.100"
    },
    {
        "T": 1609459231621,
        "a": 225902868,
        "f": 352563317,
        "l": 352563317,
        "m": false,
        "p": "28964.39",
        "q": "0.002"
    },
    {
        "T": 1609459231621,
        "a": 225902869,
        "f": 352563318,
        "l": 352563318,
        "m": false,
        "p": "28964.53",
        "q": "0.667"
    },
    {
        "T": 1609459231621,
        "a": 225902870,
        "f": 352563319,
        "l": 352563321,
        "m": false,
        "p": "28964.81",
        "q": "1.800"
    },
    {
        "T": 1609459231637,
        "a": 225902871,
        "f": 352563322,
        "l": 352563323,
        "m": false,
        "p": "28965.42",
        "q": "0.044"
    },
    {
        "T": 1609459231640,
        "a": 225902872,
        "f": 352563324,
        "l": 352563325,
        "m": false,
        "p": "28964.48",
        "q": "0.034"
    },
    {
        "T": 1609459231643,
        "a": 225902873,
        "f": 352563326,
        "l": 352563326,
        "m": false,
        "p": "28965.42",
        "q": "0.010"
    },
    {
        "T": 1609459231648,
        "a": 225902874,
        "f": 352563327,
        "l": 352563328,
        "m": false,
        "p": "28964.95",
        "q": "0.360"
    },
    {
        "T": 1609459231648,
        "a": 225902875,
        "f": 352563329,
        "l": 352563331,
        "m": false,
        "p": "28965.48",
        "q": "1.500"
    },
    {
        "T": 1609459231652,
        "a": 225902876,
        "f": 352563332,
        "l": 352563332,
        "m": false,
        "p": "28965.79",
        "q": "0.003"
    },
    {
        "T": 1609459231652,
        "a": 225902877,
        "f": 352563333,
        "l": 352563334,
        "m": false,
        "p": "28966.41",
        "q": "0.017"
    },
    {
        "T": 1609459231656,
        "a": 225902878,
        "f": 352563335,
        "l": 352563335,
        "m": false,
        "p": "28964.95",
        "q": "0.121"
    },
    {
        "T": 1609459231662,
        "a": 225902879,
        "f": 352563336,
        "l": 352563337,
        "m": false,
        "p": "28965.58",
        "q": "0.360"
    },
    {
        "T": 1609459231674,
        "a": 225902880,
        "f": 352563338,
        "l": 352563338,
        "m": false,
        "p": "28965.94",
        "q": "0.360"
    },
    {
        "T": 1609459231694,
        "a": 225902881,
        "f": 352563339,
        "l": 352563339,
        "m": false,
        "p": "28966.41",
        "q": "1.353"
    },
    {
        "T": 1609459231702,
        "a": 225902882,
        "f": 352563340,
        "l": 352563340,
        "m": true,
        "p": "28966.17",
        "q": "0.016"
    },
    {
        "T": 1609459231705,
        "a": 225902883,
        "f": 352563341,
        "l": 352563341,
        "m": false,
        "p": "28966.36",
        "q": "0.300"
    },
    {
        "T": 1609459231789,
        "a": 225902884,
        "f": 352563342,
        "l": 352563342,
        "m": true,
        "p": "28966.40",
        "q": "0.118"
    },
    {
        "T": 1609459231924,
        "a": 225902885,
        "f": 352563343,
        "l": 352563345,
        "m": false,
        "p": "28966.41",
        "q": "0.887"
    },
    {
        "T": 1609459232066,
        "a": 225902886,
        "f": 352563346,
        "l": 352563346,
        "m": true,
        "p": "28966.40",
        "q": "0.016"
    },
    {
        "T": 1609459232585,
        "a": 225902887,
        "f": 352563347,
        "l": 352563347,
        "m": false,
        "p": "28966.41",
        "q": "0.001"
    },
    {
        "T": 1609459232637,
        "a": 225902888,
        "f": 352563348,
        "l": 352563350,
        "m": true,
        "p": "28966.40",
        "q": "0.138"
    },
    {
        "T": 1609459232782,
        "a": 225902889,
        "f": 352563351,
        "l": 352563355,
        "m": true,
        "p": "28966.40",
        "q": "0.138"
    },
    {
        "T": 1609459232905,
        "a": 225902890,
        "f": 352563356,
        "l": 352563358,
        "m": true,
        "p": "28966.40",
        "q": "0.086"
    },
    {
        "T": 1609459233182,
        "a": 225902891,
        "f": 352563359,
        "l": 352563359,
        "m": false,
        "p": "28961.53",
        "q": "0.009"
    },
    {
        "T": 1609459233219,
        "a": 225902892,
        "f": 352563360,
        "l": 352563360,
        "m": true,
        "p": "28961.06",
        "q": "0.120"
    },
    {
        "T": 1609459233287,
        "a": 225902893,
        "f": 352563361,
        "l": 352563361,
        "m": false,
        "p": "28961.52",
        "q": "0.001"
    },
    {
        "T": 1609459233334,
        "a": 225902894,
        "f": 352563362,
        "l": 352563362,
        "m": false,
        "p": "28963.28",
        "q": "0.071"
    },
    {
        "T": 1609459233334,
        "a": 225902895,
        "f": 352563363,
        "l": 352563363,
        "m": false,
        "p": "28963.29",
        "q": "0.010"
    },
    {
        "T": 1609459233334,
        "a": 225902896,
        "f": 352563364,
        "l": 352563365,
        "m": false,
        "p": "28963.33",
        "q": "0.021"
    },
    {
        "T": 1609459233434,
        "a": 225902897,
        "f": 352563366,
        "l": 352563367,
        "m": false,
        "p": "28964.17",
        "q": "0.010"
    },
    {
        "T": 1609459233489,
        "a": 225902898,
        "f": 352563368,
        "l": 352563368,
        "m": false,
        "p": "28965.96",
        "q": "0.005"
    },
    {
        "T": 1609459233942,
        "a": 225902899,
        "f": 352563369,
        "l": 352563369,
        "m": false,
        "p": "28965.94",
        "q": "0.020"
    },
    {
        "T": 1609459233942,
        "a": 225902900,
        "f": 352563370,
        "l": 352563370,
        "m": false,
        "p": "28965.95",
        "q": "0.156"
    },
    {
        "T": 1609459233942,
        "a": 225902901,
        "f": 352563371,
        "l": 352563371,
        "m": false,
        "p": "28966.40",
        "q": "0.028"
    },
    {
        "T": 1609459233942,
        "a": 225902902,
        "f": 352563372,
        "l": 352563372,
        "m": false,
        "p": "28966.41",
        "q": "0.052"
    },
    {
        "T": 1609459234020,
        "a": 225902903,
        "f": 352563373,
        "l": 352563373,
        "m": false,
        "p": "28966.40",
        "q": "0.008"
    },
    {
        "T": 1609459234170,
        "a": 225902904,
        "f": 352563374,
        "l": 352563375,
        "m": false,
        "p": "28966.40",
        "q": "0.089"
    },
    {
        "T": 1609459234611,
        "a": 225902905,
        "f": 352563376,
        "l": 352563377,
        "m": false,
        "p": "28965.20",
        "q": "0.653"
    },
    {
        "T": 1609459234611,
        "a": 225902906,
        "f": 352563378,
        "l": 352563378,
        "m": false,
        "p": "28966.40",
        "q": "0.050"
    },
    {
        "T": 1609459234611,
        "a": 225902907,
        "f": 352563379,
        "l": 352563380,
        "m": false,
        "p": "28966.41",
        "q": "2.697"
    },
    {
        "T": 1609459234611,
        "a": 225902908,
        "f": 352563381,
        "l": 352563382,
        "m": false,
        "p": "28967.00",
        "q": "0.006"
    },
    {
        "T": 1609459234611,
        "a": 225902909,
        "f": 352563383,
        "l": 352563383,
        "m": false,
        "p": "28968.32",
        "q": "0.056"
    },
    {
        "T": 1609459234611,
        "a": 225902910,
        "f": 352563384,
        "l": 352563384,
        "m": false,
        "p": "28968.33",
        "q": "0.140"
    },
    {
        "T": 1609459234611,
        "a": 225902911,
        "f": 352563385,
        "l": 352563385,
        "m": false,
        "p": "28968.57",
        "q": "0.398"
    },
    {
        "T": 1609459234864,
        "a": 225902912,
        "f": 352563386,
        "l": 352563388,
        "m": false,
        "p": "28965.93",
        "q": "0.289"
    },
    {
        "T": 1609459234906,
        "a": 225902913,
        "f": 352563389,
        "l": 352563389,
        "m": true,
        "p": "28966.16",
        "q": "0.069"
    },
    {
        "T": 1609459235012,
        "a": 225902914,
        "f": 352563390,
        "l": 352563390,
        "m": true,
        "p": "28968.87",
        "q": "0.050"
    },
    {
        "T": 1609459235012,
        "a": 225902915,
        "f": 352563391,
        "l": 352563391,
        "m": true,
        "p": "28967.12",
        "q": "0.019"
    },
    {
        "T": 1609459235165,
        "a": 225902916,
        "f": 352563392,
        "l": 352563392,
        "m": true,
        "p": "28967.17",
        "q": "0.021"
    },
    {
        "T": 1609459235210,
        "a": 225902917,
        "f": 352563393,
        "l": 352563393,
        "m": true,
        "p": "28967.12",
        "q": "0.022"
    },
    {
        "T": 1609459235589,
        "a": 225902918,
        "f": 352563394,
        "l": 352563394,
        "m": true,
        "p": "28967.26",
        "q": "0.015"
    },
    {
        "T": 1609459235815,
        "a": 225902919,
        "f": 352563395,
        "l": 352563395,
        "m": false,
        "p": "28968.87",
        "q": "0.030"
    },
    {
        "T": 1609459236379,
        "a": 225902920,
        "f": 352563396,
        "l": 352563397,
        "m": true,
        "p": "28968.86",
        "q": "0.307"
    },
    {
        "T": 1609459236761,
        "a": 225902921,
        "f": 352563398,
        "l": 352563399,
        "m": false,
        "p": "28968.87",
        "q": "0.004"
    },
    {
        "T": 1609459236884,
        "a": 225902922,
        "f": 352563400,
        "l": 352563401,
        "m": false,
        "p": "28968.87",
        "q": "0.055"
    },
    {
        "T": 1609459236938,
        "a": 225902923,
        "f": 352563402,
        "l": 352563403,
        "m": true,
        "p": "28968.86",
        "q": "0.138"
    },
    {
        "T": 1609459237064,
        "a": 225902924,
        "f": 352563404,
        "l": 352563406,
        "m": true,
        "p": "28968.86",
        "q": "0.152"
    },
    {
        "T": 1609459237085,
        "a": 225902925,
        "f": 352563407,
        "l": 352563409,
        "m": false,
        "p": "28968.87",
        "q": "0.340"
    },
    {
        "T": 1609459237085,
        "a": 225902926,
        "f": 352563410,
        "l": 352563410,
        "m": false,
        "p": "28968.88",
        "q": "0.005"
    },
    {
        "T": 1609459237085,
        "a": 225902927,
        "f": 352563411,
        "l": 352563411,
        "m": false,
        "p": "28969.38",
        "q": "0.007"
    },
    {
        "T": 1609459237085,
        "a": 225902928,
        "f": 352563412,
        "l": 352563413,
        "m": false,
        "p": "28970.00",
        "q": "0.124"
    },
    {
        "T": 1609459237085,
        "a": 225902929,
        "f": 352563414,
        "l": 352563414,
        "m": false,
        "p": "28971.30",
        "q": "0.008"
    },
    {
        "T": 1609459237085,
        "a": 225902930,
        "f": 352563415,
        "l": 352563415,
        "m": false,
        "p": "28971.51",
        "q": "0.170"
    },
    {
        "T": 1609459237085,
        "a": 225902931,
        "f": 352563416,
        "l": 352563416,
        "m": false,
        "p": "28971.68",
        "q": "0.009"
    },
    {
        "T": 1609459237085,
        "a": 225902932,
        "f": 352563417,
        "l": 352563417,
        "m": false,
        "p": "28971.80",
        "q": "0.247"
    },
    {
        "T": 1609459237085,
        "a": 225902933,
        "f": 352563418,
        "l": 352563418,
        "m": false,
        "p": "28972.85",
        "q": "0.048"
    },
    {
        "T": 1609459237085,
        "a": 225902934,
        "f": 352563419,
        "l": 352563419,
        "m": false,
        "p": "28972.93",
        "q": "0.759"
    },
    {
        "T": 1609459237085,
        "a": 225902935,
        "f": 352563420,
        "l": 352563420,
        "m": false,
        "p": "28972.98",
        "q": "0.007"
    },
    {
        "T": 1609459237085,
        "a": 225902936,
        "f": 352563421,
        "l": 352563421,
        "m": false,
        "p": "28973.01",
        "q": "0.200"
    },
    {
        "T": 1609459237085,
        "a": 225902937,
        "f": 352563422,
        "l": 352563422,
        "m": false,
        "p": "28973.27",
        "q": "0.014"
    },
    {
        "T": 1609459237085,
        "a": 225902938,
        "f": 352563423,
        "l": 352563423,
        "m": false,
        "p": "28973.66",
        "q": "1.062"
    },
    {
        "T": 1609459237116,
        "a": 225902939,
        "f": 352563424,
        "l": 352563424,
        "m": true,
        "p": "28968.87",
        "q": "0.069"
    },
    {
        "T": 1609459237186,
        "a": 225902940,
        "f": 352563425,
        "l": 352563425,
        "m": true,
        "p": "28971.34",
        "q": "0.069"
    },
    {
        "T": 1609459237186,
        "a": 225902941,
        "f": 352563426,
        "l": 352563426,
        "m": false,
        "p": "28972.84",
        "q": "0.046"
    },
    {
        "T": 1609459237186,
        "a": 225902942,
        "f": 352563427,
        "l": 352563427,
        "m": false,
        "p": "28974.11",
        "q": "0.006"
    },
    {
        "T": 1609459237186,
        "a": 225902943,
        "f": 352563428,
        "l": 352563428,
        "m": false,
        "p": "28974.62",
        "q": "0.003"
    },
    {
        "T": 1609459237186,
        "a": 225902944,
        "f": 352563429,
        "l": 352563429,
        "m": false,
        "p": "28974.77",
        "q": "0.148"
    },
    {
        "T": 1609459237186,
        "a": 225902945,
        "f": 352563430,
        "l": 352563430,
        "m": false,
        "p": "28975.30",
        "q": "0.003"
    },
    {
        "T": 1609459237186,
        "a": 225902946,
        "f": 352563431,
        "l": 352563431,
        "m": false,
        "p": "28975.40",
        "q": "0.141"
    },
    {
        "T": 1609459237187,
        "a": 225902947,
        "f": 352563432,
        "l": 352563432,
        "m": false,
        "p": "28975.61",
        "q": "0.120"
    },
    {
        "T": 1609459237187,
        "a": 225902948,
        "f": 352563433,
        "l": 352563434,
        "m": false,
        "p": "28976.00",
        "q": "0.082"
    },
    {
        "T": 1609459237187,
        "a": 225902949,
        "f": 352563435,
        "l": 352563435,
        "m": false,
        "p": "28976.95",
        "q": "0.520"
    },
    {
        "T": 1609459237422,
        "a": 225902950,
        "f": 352563436,
        "l": 352563436,
        "m": false,
        "p": "28972.92",
        "q": "0.003"
    },
    {
        "T": 1609459237612,
        "a": 225902951,
        "f": 352563437,
        "l": 352563437,
        "m": true,
        "p": "28974.77",
        "q": "0.001"
    },
    {
        "T": 1609459237957,
        "a": 225902952,
        "f": 352563438,
        "l": 352563438,
        "m": false,
        "p": "28974.78",
        "q": "0.001"
    },
    {
        "T": 1609459238321,
        "a": 225902953,
        "f": 352563439,
        "l": 352563439,
        "m": false,
        "p": "28974.78",
        "q": "0.001"
    },
    {
        "T": 1609459238520,
        "a": 225902954,
        "f": 352563440,
        "l": 352563444,
        "m": true,
        "p": "28974.77",
        "q": "0.637"
    },
    {
        "T": 1609459238520,
        "a": 225902955,
        "f": 352563445,
        "l": 352563445,
        "m": true,
        "p": "28973.38",
        "q": "0.360"
    },
    {
        "T": 1609459238532,
        "a": 225902956,
        "f": 352563446,
        "l": 352563446,
        "m": true,
        "p": "28973.25",
        "q": "0.039"
    },
    {
        "T": 1609459238532,
        "a": 225902957,
        "f": 352563447,
        "l": 352563449,
        "m": true,
        "p": "28972.91",
        "q": "0.542"
    },
    {
        "T": 1609459238532,
        "a": 225902958,
        "f": 352563450,
        "l": 352563450,
        "m": true,
        "p": "28972.85",
        "q": "0.056"
    },
    {
        "T": 1609459238532,
        "a": 225902959,
        "f": 352563451,
        "l": 352563451,
        "m": true,
        "p": "28972.84",
        "q": "0.094"
    },
    {
        "T": 1609459238545,
        "a": 225902960,
        "f": 352563452,
        "l": 352563453,
        "m": true,
        "p": "28971.09",
        "q": "0.249"
    },
    {
        "T": 1609459238590,
        "a": 225902961,
        "f": 352563454,
        "l": 352563454,
        "m": false,
        "p": "28969.84",
        "q": "0.024"
    },
    {
        "T": 1609459238632,
        "a": 225902962,
        "f": 352563455,
        "l": 352563455,
        "m": true,
        "p": "28969.83",
        "q": "0.360"
    },
    {
        "T": 1609459238632,
        "a": 225902963,
        "f": 352563456,
        "l": 352563456,
        "m": true,
        "p": "28969.17",
        "q": "0.010"
    },
    {
        "T": 1609459238632,
        "a": 225902964,
        "f": 352563457,
        "l": 352563457,
        "m": true,
        "p": "28968.87",
        "q": "0.069"
    },
    {
        "T": 1609459238632,
        "a": 225902965,
        "f": 352563458,
        "l": 352563465,
        "m": true,
        "p": "28968.86",
        "q": "0.461"
    },
    {
        "T": 1609459238632,
        "a": 225902966,
        "f": 352563466,
        "l": 352563466,
        "m": true,
        "p": "28968.69",
        "q": "0.002"
    },
    {
        "T": 1609459238660,
        "a": 225902967,
        "f": 352563467,
        "l": 352563467,
        "m": true,
        "p": "28967.84",
        "q": "0.027"
    },
    {
        "T": 1609459238666,
        "a": 225902968,
        "f": 352563468,
        "l": 352563469,
        "m": false,
        "p": "28968.68",
        "q": "0.062"
    },
    {
        "T": 1609459238675,
        "a": 225902969,
        "f": 352563470,
        "l": 352563470,
        "m": true,
        "p": "28968.18",
        "q": "0.010"
    },
    {
        "T": 1609459238675,
        "a": 225902970,
        "f": 352563471,
        "l": 352563472,
        "m": true,
        "p": "28967.84",
        "q": "0.333"
    },
    {
        "T": 1609459238676,
        "a": 225902971,
        "f": 352563473,
        "l": 352563474,
        "m": true,
        "p": "28967.12",
        "q": "0.043"
    },
    {
        "T": 1609459238676,
        "a": 225902972,
        "f": 352563475,
        "l": 352563475,
        "m": true,
        "p": "28965.92",
        "q": "0.006"
    },
    {
        "T": 1609459238676,
        "a": 225902973,
        "f": 352563476,
        "l": 352563476,
        "m": true,
        "p": "28965.38",
        "q": "0.026"
    },
    {
        "T": 1609459238676,
        "a": 225902974,
        "f": 352563477,
        "l": 352563477,
        "m": true,
        "p": "28965.21",
        "q": "0.040"
    },
    {
        "T": 1609459238816,
        "a": 225902975,
        "f": 352563478,
        "l": 352563478,
        "m": false,
        "p": "28965.21",
        "q": "0.009"
    },
    {
        "T": 1609459238875,
        "a": 225902976,
        "f": 352563479,
        "l": 352563479,
        "m": true,
        "p": "28965.20",
        "q": "0.009"
    },
    {
        "T": 1609459239329,
        "a": 225902977,
        "f": 352563480,
        "l": 352563482,
        "m": false,
        "p": "28965.20",
        "q": "0.106"
    },
    {
        "T": 1609459239461,
        "a": 225902978,
        "f": 352563483,
        "l": 352563487,
        "m": false,
        "p": "28965.20",
        "q": "0.471"
    },
    {
        "T": 1609459239461,
        "a": 225902979,
        "f": 352563488,
        "l": 352563488,
        "m": false,
        "p": "28965.21",
        "q": "0.098"
    },
    {
        "T": 1609459239461,
        "a": 225902980,
        "f": 352563489,
        "l": 352563489,
        "m": false,
        "p": "28967.76",
        "q": "0.026"
    },
    {
        "T": 1609459239461,
        "a": 225902981,
        "f": 352563490,
        "l": 352563490,
        "m": false,
        "p": "28967.84",
        "q": "0.102"
    },
    {
        "T": 1609459239461,
        "a": 225902982,
        "f": 352563491,
        "l": 352563491,
        "m": false,
        "p": "28968.13",
        "q": "0.056"
    },
    {
        "T": 1609459239461,
        "a": 225902983,
        "f": 352563492,
        "l": 352563492,
        "m": false,
        "p": "28968.14",
        "q": "0.022"
    },
    {
        "T": 1609459239461,
        "a": 225902984,
        "f": 352563493,
        "l": 352563493,
        "m": false,
        "p": "28968.68",
        "q": "0.058"
    },
    {
        "T": 1609459239461,
        "a": 225902985,
        "f": 352563494,
        "l": 352563494,
        "m": false,
        "p": "28969.10",
        "q": "0.760"
    },
    {
        "T": 1609459239461,
        "a": 225902986,
        "f": 352563495,
        "l": 352563495,
        "m": false,
        "p": "28969.17",
        "q": "1.407"
    },
    {
        "T": 1609459239611,
        "a": 225902987,
        "f": 352563496,
        "l": 352563496,
        "m": false,
        "p": "28969.14",
        "q": "0.001"
    },
    {
        "T": 1609459240215,
        "a": 225902988,
        "f": 352563497,
        "l": 352563497,
        "m": true,
        "p": "28966.39",
        "q": "0.124"
    },
    {
        "T": 1609459240459,
        "a": 225902989,
        "f": 352563498,
        "l": 352563498,
        "m": false,
        "p": "28969.74",
        "q": "0.168"
    },
    {
        "T": 1609459240459,
        "a": 225902990,
        "f": 352563499,
        "l": 352563499,
        "m": false,
        "p": "28970.08",
        "q": "0.201"
    },
    {
        "T": 1609459240459,
        "a": 225902991,
        "f": 352563500,
        "l": 352563500,
        "m": false,
        "p": "28972.27",
        "q": "0.146"
    },
    {
        "T": 1609459240459,
        "a": 225902992,
        "f": 352563501,
        "l": 352563501,
        "m": false,
        "p": "28972.32",
        "q": "1.000"
    },
    {
        "T": 1609459240459,
        "a": 225902993,
        "f": 352563502,
        "l": 352563502,
        "m": false,
        "p": "28972.83",
        "q": "0.100"
    },
    {
        "T": 1609459240459,
        "a": 225902994,
        "f": 352563503,
        "l": 352563503,
        "m": false,
        "p": "28973.25",
        "q": "0.058"
    },
    {
        "T": 1609459240459,
        "a": 225902995,
        "f": 352563504,
        "l": 352563505,
        "m": false,
        "p": "28973.26",
        "q": "0.173"
    },
    {
        "T": 1609459240492,
        "a": 225902996,
        "f": 352563506,
        "l": 352563506,
        "m": false,
        "p": "28969.73",
        "q": "0.015"
    },
    {
        "T": 1609459240652,
        "a": 225902997,
        "f": 352563507,
        "l": 352563507,
        "m": true,
        "p": "28971.98",
        "q": "0.069"
    },
    {
        "T": 1609459240757,
        "a": 225902998,
        "f": 352563508,
        "l": 352563508,
        "m": true,
        "p": "28972.81",
        "q": "0.001"
    },
    {
        "T": 1609459240802,
        "a": 225902999,
        "f": 352563509,
        "l": 352563509,
        "m": false,
        "p": "28974.12",
        "q": "0.069"
    },
    {
        "T": 1609459240802,
        "a": 225903000,
        "f": 352563510,
        "l": 352563510,
        "m": false,
        "p": "28974.13",
        "q": "0.094"
    },
    {
        "T": 1609459240802,
        "a": 225903001,
        "f": 352563511,
        "l": 352563511,
        "m": false,
        "p": "28974.68",
        "q": "0.247"
    },
    {
        "T": 1609459240802,
        "a": 225903002,
        "f": 352563512,
        "l": 352563512,
        "m": false,
        "p": "28975.30",
        "q": "0.003"
    },
    {
        "T": 1609459240802,
        "a": 225903003,
        "f": 352563513,
        "l": 352563513,
        "m": false,
        "p": "28976.00",
        "q": "0.070"
    },
    {
        "T": 1609459240802,
        "a": 225903004,
        "f": 352563514,
        "l": 352563514,
        "m": false,
        "p": "28976.94",
        "q": "2.517"
    },
    {
        "T": 1609459240854,
        "a": 225903005,
        "f": 352563515,
        "l": 352563515,
        "m": true,
        "p": "28974.87",
        "q": "0.048"
    },
    {
        "T": 1609459240878,
        "a": 225903006,
        "f": 352563516,
        "l": 352563516,
        "m": false,
        "p": "28974.11",
        "q": "0.021"
    },
    {
        "T": 1609459240878,
        "a": 225903007,
        "f": 352563517,
        "l": 352563517,
        "m": false,
        "p": "28977.00",
        "q": "0.070"
    },
    {
        "T": 1609459240878,
        "a": 225903008,
        "f": 352563518,
        "l": 352563518,
        "m": false,
        "p": "28977.22",
        "q": "0.122"
    },
    {
        "T": 1609459240878,
        "a": 225903009,
        "f": 352563519,
        "l": 352563519,
        "m": false,
        "p": "28978.00",
        "q": "0.070"
    },
    {
        "T": 1609459240878,
        "a": 225903010,
        "f": 352563520,
        "l": 352563520,
        "m": false,
        "p": "28978.01",
        "q": "0.006"
    },
    {
        "T": 1609459240878,
        "a": 225903011,
        "f": 352563521,
        "l": 352563521,
        "m": false,
        "p": "28979.00",
        "q": "0.070"
    },
    {
        "T": 1609459240878,
        "a": 225903012,
        "f": 352563522,
        "l": 352563522,
        "m": false,
        "p": "28979.48",
        "q": "0.069"
    },
    {
        "T": 1609459240878,
        "a": 225903013,
        "f": 352563523,
        "l": 352563523,
        "m": false,
        "p": "28979.49",
        "q": "0.518"
    },
    {
        "T": 1609459240878,
        "a": 225903014,
        "f": 352563524,
        "l": 352563524,
        "m": false,
        "p": "28979.99",
        "q": "0.001"
    },
    {
        "T": 1609459240878,
        "a": 225903015,
        "f": 352563525,
        "l": 352563527,
        "m": false,
        "p": "28980.00",
        "q": "0.088"
    },
    {
        "T": 1609459240878,
        "a": 225903016,
        "f": 352563528,
        "l": 352563528,
        "m": false,
        "p": "28980.05",
        "q": "0.086"
    },
    {
        "T": 1609459240878,
        "a": 225903017,
        "f": 352563529,
        "l": 352563529,
        "m": false,
        "p": "28980.06",
        "q": "0.005"
    },
    {
        "T": 1609459240878,
        "a": 225903018,
        "f": 352563530,
        "l": 352563530,
        "m": false,
        "p": "28980.50",
        "q": "0.008"
    },
    {
        "T": 1609459240878,
        "a": 225903019,
        "f": 352563531,
        "l": 352563531,
        "m": false,
        "p": "28980.56",
        "q": "0.007"
    },
    {
        "T": 1609459240878,
        "a": 225903020,
        "f": 352563532,
        "l": 352563532,
        "m": false,
        "p": "28980.65",
        "q": "0.003"
    },
    {
        "T": 1609459240878,
        "a": 225903021,
        "f": 352563533,
        "l": 352563533,
        "m": false,
        "p": "28980.69",
        "q": "0.558"
    },
    {
        "T": 1609459240878,
        "a": 225903022,
        "f": 352563534,
        "l": 352563534,
        "m": false,
        "p": "28980.91",
        "q": "0.813"
    },
    {
        "T": 1609459240925,
        "a": 225903023,
        "f": 352563535,
        "l": 352563536,
        "m": true,
        "p": "28974.14",
        "q": "0.069"
    },
    {
        "T": 1609459240939,
        "a": 225903024,
        "f": 352563537,
        "l": 352563537,
        "m": false,
        "p": "28980.44",
        "q": "0.360"
    },
    {
        "T": 1609459240939,
        "a": 225903025,
        "f": 352563538,
        "l": 352563538,
        "m": false,
        "p": "28980.84",
        "q": "1.625"
    },
    {
        "T": 1609459240976,
        "a": 225903026,
        "f": 352563539,
        "l": 352563543,
        "m": false,
        "p": "28980.44",
        "q": "0.360"
    },
    {
        "T": 1609459241013,
        "a": 225903027,
        "f": 352563544,
        "l": 352563544,
        "m": false,
        "p": "28980.65",
        "q": "0.003"
    },
    {
        "T": 1609459241013,
        "a": 225903028,
        "f": 352563545,
        "l": 352563545,
        "m": false,
        "p": "28980.85",
        "q": "0.999"
    },
    {
        "T": 1609459241013,
        "a": 225903029,
        "f": 352563546,
        "l": 352563546,
        "m": false,
        "p": "28980.90",
        "q": "0.069"
    },
    {
        "T": 1609459241013,
        "a": 225903030,
        "f": 352563547,
        "l": 352563548,
        "m": false,
        "p": "28980.91",
        "q": "0.457"
    },
    {
        "T": 1609459241100,
        "a": 225903031,
        "f": 352563549,
        "l": 352563549,
        "m": false,
        "p": "28980.80",
        "q": "0.001"
    },
    {
        "T": 1609459241157,
        "a": 225903032,
        "f": 352563550,
        "l": 352563550,
        "m": true,
        "p": "28977.53",
        "q": "0.021"
    },
    {
        "T": 1609459241438,
        "a": 225903033,
        "f": 352563551,
        "l": 352563552,
        "m": true,
        "p": "28978.80",
        "q": "0.037"
    },
    {
        "T": 1609459241438,
        "a": 225903034,
        "f": 352563553,
        "l": 352563553,
        "m": true,
        "p": "28977.60",
        "q": "0.071"
    },
    {
        "T": 1609459241438,
        "a": 225903035,
        "f": 352563554,
        "l": 352563554,
        "m": true,
        "p": "28977.52",
        "q": "0.001"
    },
    {
        "T": 1609459241438,
        "a": 225903036,
        "f": 352563555,
        "l": 352563555,
        "m": true,
        "p": "28976.80",
        "q": "0.001"
    },
    {
        "T": 1609459241438,
        "a": 225903037,
        "f": 352563556,
        "l": 352563556,
        "m": true,
        "p": "28975.11",
        "q": "0.014"
    },
    {
        "T": 1609459242144,
        "a": 225903038,
        "f": 352563557,
        "l": 352563557,
        "m": true,
        "p": "28977.60",
        "q": "0.005"
    },
    {
        "T": 1609459242367,
        "a": 225903039,
        "f": 352563558,
        "l": 352563559,
        "m": true,
        "p": "28977.60",
        "q": "0.021"
    },
    {
        "T": 1609459242367,
        "a": 225903040,
        "f": 352563560,
        "l": 352563560,
        "m": true,
        "p": "28974.31",
        "q": "0.304"
    },
    {
        "T": 1609459242451,
        "a": 225903041,
        "f": 352563561,
        "l": 352563561,
        "m": false,
        "p": "28977.55",
        "q": "0.020"
    },
    {
        "T": 1609459242923,
        "a": 225903042,
        "f": 352563562,
        "l": 352563562,
        "m": false,
        "p": "28977.22",
        "q": "0.007"
    },
    {
        "T": 1609459243325,
        "a": 225903043,
        "f": 352563563,
        "l": 352563563,
        "m": false,
        "p": "28977.14",
        "q": "0.071"
    },
    {
        "T": 1609459243325,
        "a": 225903044,
        "f": 352563564,
        "l": 352563565,
        "m": false,
        "p": "28977.20",
        "q": "0.002"
    },
    {
        "T": 1609459243325,
        "a": 225903045,
        "f": 352563566,
        "l": 352563566,
        "m": false,
        "p": "28977.61",
        "q": "0.119"
    },
    {
        "T": 1609459243435,
        "a": 225903046,
        "f": 352563567,
        "l": 352563567,
        "m": false,
        "p": "28977.61",
        "q": "0.003"
    },
    {
        "T": 1609459243863,
        "a": 225903047,
        "f": 352563568,
        "l": 352563568,
        "m": false,
        "p": "28977.61",
        "q": "0.018"
    },
    {
        "T": 1609459243863,
        "a": 225903048,
        "f": 352563569,
        "l": 352563569,
        "m": false,
        "p": "28978.80",
        "q": "0.982"
    },
    {
        "T": 1609459243934,
        "a": 225903049,
        "f": 352563570,
        "l": 352563570,
        "m": false,
        "p": "28980.43",
        "q": "0.069"
    },
    {
        "T": 1609459243934,
        "a": 225903050,
        "f": 352563571,
        "l": 352563571,
        "m": false,
        "p": "28980.65",
        "q": "0.003"
    },
    {
        "T": 1609459243934,
        "a": 225903051,
        "f": 352563572,
        "l": 352563572,
        "m": false,
        "p": "28980.91",
        "q": "0.230"
    },
    {
        "T": 1609459243934,
        "a": 225903052,
        "f": 352563573,
        "l": 352563573,
        "m": false,
        "p": "28982.00",
        "q": "0.070"
    },
    {
        "T": 1609459243934,
        "a": 225903053,
        "f": 352563574,
        "l": 352563574,
        "m": false,
        "p": "28982.37",
        "q": "0.008"
    },
    {
        "T": 1609459243934,
        "a": 225903054,
        "f": 352563575,
        "l": 352563575,
        "m": false,
        "p": "28982.70",
        "q": "0.009"
    },
    {
        "T": 1609459243934,
        "a": 225903055,
        "f": 352563576,
        "l": 352563576,
        "m": false,
        "p": "28982.88",
        "q": "0.020"
    },
    {
        "T": 1609459243934,
        "a": 225903056,
        "f": 352563577,
        "l": 352563577,
        "m": false,
        "p": "28983.00",
        "q": "0.070"
    },
    {
        "T": 1609459243934,
        "a": 225903057,
        "f": 352563578,
        "l": 352563578,
        "m": false,
        "p": "28983.30",
        "q": "0.094"
    },
    {
        "T": 1609459243934,
        "a": 225903058,
        "f": 352563579,
        "l": 352563579,
        "m": false,
        "p": "28983.37",
        "q": "0.115"
    },
    {
        "T": 1609459243934,
        "a": 225903059,
        "f": 352563580,
        "l": 352563580,
        "m": false,
        "p": "28983.50",
        "q": "0.198"
    },
    {
        "T": 1609459243934,
        "a": 225903060,
        "f": 352563581,
        "l": 352563582,
        "m": false,
        "p": "28983.60",
        "q": "0.006"
    },
    {
        "T": 1609459243934,
        "a": 225903061,
        "f": 352563583,
        "l": 352563583,
        "m": false,
        "p": "28983.87",
        "q": "0.002"
    },
    {
        "T": 1609459243934,
        "a": 225903062,
        "f": 352563584,
        "l": 352563584,
        "m": false,
        "p": "28984.00",
        "q": "0.070"
    },
    {
        "T": 1609459243934,
        "a": 225903063,
        "f": 352563585,
        "l": 352563585,
        "m": false,
        "p": "28984.03",
        "q": "0.019"
    },
    {
        "T": 1609459244443,
        "a": 225903064,
        "f": 352563586,
        "l": 352563586,
        "m": false,
        "p": "28984.23",
        "q": "0.002"
    },
    {
        "T": 1609459244663,
        "a": 225903065,
        "f": 352563587,
        "l": 352563587,
        "m": true,
        "p": "28982.44",
        "q": "0.069"
    },
    {
        "T": 1609459245197,
        "a": 225903066,
        "f": 352563588,
        "l": 352563588,
        "m": false,
        "p": "28983.34",
        "q": "0.603"
    },
    {
        "T": 1609459245241,
        "a": 225903067,
        "f": 352563589,
        "l": 352563589,
        "m": false,
        "p": "28984.21",
        "q": "0.012"
    },
    {
        "T": 1609459245241,
        "a": 225903068,
        "f": 352563590,
        "l": 352563590,
        "m": false,
        "p": "28984.22",
        "q": "0.001"
    },
    {
        "T": 1609459245739,
        "a": 225903069,
        "f": 352563591,
        "l": 352563591,
        "m": false,
        "p": "28983.60",
        "q": "0.020"
    },
    {
        "T": 1609459245867,
        "a": 225903070,
        "f": 352563592,
        "l": 352563595,
        "m": false,
        "p": "28983.60",
        "q": "0.340"
    },
    {
        "T": 1609459245915,
        "a": 225903071,
        "f": 352563596,
        "l": 352563596,
        "m": false,
        "p": "28984.22",
        "q": "0.068"
    },
    {
        "T": 1609459245915,
        "a": 225903072,
        "f": 352563597,
        "l": 352563597,
        "m": false,
        "p": "28984.24",
        "q": "0.007"
    },
    {
        "T": 1609459245915,
        "a": 225903073,
        "f": 352563598,
        "l": 352563599,
        "m": false,
        "p": "28984.35",
        "q": "0.400"
    },
    {
        "T": 1609459246196,
        "a": 225903074,
        "f": 352563600,
        "l": 352563600,
        "m": false,
        "p": "28984.16",
        "q": "0.135"
    },
    {
        "T": 1609459246196,
        "a": 225903075,
        "f": 352563601,
        "l": 352563601,
        "m": false,
        "p": "28984.65",
        "q": "0.998"
    },
    {
        "T": 1609459246233,
        "a": 225903076,
        "f": 352563602,
        "l": 352563602,
        "m": false,
        "p": "28983.98",
        "q": "1.000"
    },
    {
        "T": 1609459246233,
        "a": 225903077,
        "f": 352563603,
        "l": 352563603,
        "m": false,
        "p": "28984.65",
        "q": "0.397"
    },
    {
        "T": 1609459246339,
        "a": 225903078,
        "f": 352563604,
        "l": 352563604,
        "m": false,
        "p": "28984.16",
        "q": "0.006"
    },
    {
        "T": 1609459246339,
        "a": 225903079,
        "f": 352563605,
        "l": 352563605,
        "m": false,
        "p": "28984.66",
        "q": "0.393"
    },
    {
        "T": 1609459246663,
        "a": 225903080,
        "f": 352563606,
        "l": 352563608,
        "m": true,
        "p": "28984.65",
        "q": "0.138"
    },
    {
        "T": 1609459246797,
        "a": 225903081,
        "f": 352563609,
        "l": 352563616,
        "m": true,
        "p": "28984.65",
        "q": "0.138"
    },
    {
        "T": 1609459246919,
        "a": 225903082,
        "f": 352563617,
        "l": 352563618,
        "m": true,
        "p": "28984.65",
        "q": "0.011"
    },
    {
        "T": 1609459246997,
        "a": 225903083,
        "f": 352563619,
        "l": 352563619,
        "m": false,
        "p": "28984.66",
        "q": "0.035"
    },
    {
        "T": 1609459247177,
        "a": 225903084,
        "f": 352563620,
        "l": 352563620,
        "m": false,
        "p": "28984.66",
        "q": "0.010"
    },
    {
        "T": 1609459247313,
        "a": 225903085,
        "f": 352563621,
        "l": 352563621,
        "m": true,
        "p": "28984.65",
        "q": "0.006"
    },
    {
        "T": 1609459247655,
        "a": 225903086,
        "f": 352563622,
        "l": 352563622,
        "m": true,
        "p": "28984.65",
        "q": "0.002"
    },
    {
        "T": 1609459247655,
        "a": 225903087,
        "f": 352563623,
        "l": 352563623,
        "m": false,
